%YAML 1.1
%TAG !u! tag:unity3d.com,2011:
--- !u!1001 &100100000
Prefab:
  m_ObjectHideFlags: 1
  serializedVersion: 2
  m_Modification:
    m_TransformParent: {fileID: 0}
    m_Modifications: []
    m_RemovedComponents: []
  m_ParentPrefab: {fileID: 0}
  m_RootGameObject: {fileID: 1208106284779054}
  m_IsPrefabParent: 1
--- !u!1 &1003592409423336
GameObject:
  m_ObjectHideFlags: 1
  m_PrefabParentObject: {fileID: 0}
  m_PrefabInternal: {fileID: 100100000}
  serializedVersion: 5
  m_Component:
  - component: {fileID: 4067235404952098}
  m_Layer: 0
  m_Name: Middle01_L
  m_TagString: Untagged
  m_Icon: {fileID: 0}
  m_NavMeshLayer: 0
  m_StaticEditorFlags: 0
  m_IsActive: 1
--- !u!1 &1003607253254572
GameObject:
  m_ObjectHideFlags: 1
  m_PrefabParentObject: {fileID: 0}
  m_PrefabInternal: {fileID: 100100000}
  serializedVersion: 5
  m_Component:
  - component: {fileID: 4293539167306166}
  m_Layer: 0
  m_Name: Index02_R
  m_TagString: Untagged
  m_Icon: {fileID: 0}
  m_NavMeshLayer: 0
  m_StaticEditorFlags: 0
  m_IsActive: 1
--- !u!1 &1029630828382562
GameObject:
  m_ObjectHideFlags: 1
  m_PrefabParentObject: {fileID: 0}
  m_PrefabInternal: {fileID: 100100000}
  serializedVersion: 5
  m_Component:
  - component: {fileID: 4026496229827654}
  m_Layer: 0
  m_Name: Armature
  m_TagString: Untagged
  m_Icon: {fileID: 0}
  m_NavMeshLayer: 0
  m_StaticEditorFlags: 0
  m_IsActive: 1
--- !u!1 &1033905151783672
GameObject:
  m_ObjectHideFlags: 1
  m_PrefabParentObject: {fileID: 0}
  m_PrefabInternal: {fileID: 100100000}
  serializedVersion: 5
  m_Component:
  - component: {fileID: 4992837353939620}
  m_Layer: 0
  m_Name: Hand_R
  m_TagString: Untagged
  m_Icon: {fileID: 0}
  m_NavMeshLayer: 0
  m_StaticEditorFlags: 0
  m_IsActive: 1
--- !u!1 &1038805503648070
GameObject:
  m_ObjectHideFlags: 1
  m_PrefabParentObject: {fileID: 0}
  m_PrefabInternal: {fileID: 100100000}
  serializedVersion: 5
  m_Component:
  - component: {fileID: 4069665306533776}
  m_Layer: 0
  m_Name: Bone_006
  m_TagString: Untagged
  m_Icon: {fileID: 0}
  m_NavMeshLayer: 0
  m_StaticEditorFlags: 0
  m_IsActive: 1
--- !u!1 &1042792141495958
GameObject:
  m_ObjectHideFlags: 1
  m_PrefabParentObject: {fileID: 0}
  m_PrefabInternal: {fileID: 100100000}
  serializedVersion: 5
  m_Component:
  - component: {fileID: 4325043516275886}
  m_Layer: 0
  m_Name: Pinky03_L
  m_TagString: Untagged
  m_Icon: {fileID: 0}
  m_NavMeshLayer: 0
  m_StaticEditorFlags: 0
  m_IsActive: 1
--- !u!1 &1071152869506718
GameObject:
  m_ObjectHideFlags: 1
  m_PrefabParentObject: {fileID: 0}
  m_PrefabInternal: {fileID: 100100000}
  serializedVersion: 5
  m_Component:
  - component: {fileID: 4029500537738318}
  m_Layer: 0
  m_Name: Bone_007
  m_TagString: Untagged
  m_Icon: {fileID: 0}
  m_NavMeshLayer: 0
  m_StaticEditorFlags: 0
  m_IsActive: 1
--- !u!1 &1088359601988070
GameObject:
  m_ObjectHideFlags: 1
  m_PrefabParentObject: {fileID: 0}
  m_PrefabInternal: {fileID: 100100000}
  serializedVersion: 5
  m_Component:
  - component: {fileID: 4213609799916044}
  m_Layer: 0
  m_Name: Toes_L
  m_TagString: Untagged
  m_Icon: {fileID: 0}
  m_NavMeshLayer: 0
  m_StaticEditorFlags: 0
  m_IsActive: 1
--- !u!1 &1093442555681398
GameObject:
  m_ObjectHideFlags: 1
  m_PrefabParentObject: {fileID: 0}
  m_PrefabInternal: {fileID: 100100000}
  serializedVersion: 5
  m_Component:
  - component: {fileID: 4820130094125640}
  m_Layer: 0
  m_Name: Bone_001
  m_TagString: Untagged
  m_Icon: {fileID: 0}
  m_NavMeshLayer: 0
  m_StaticEditorFlags: 0
  m_IsActive: 1
--- !u!1 &1102426122165738
GameObject:
  m_ObjectHideFlags: 1
  m_PrefabParentObject: {fileID: 0}
  m_PrefabInternal: {fileID: 100100000}
  serializedVersion: 5
  m_Component:
  - component: {fileID: 4308217272238746}
  m_Layer: 0
  m_Name: LowerLeg_R
  m_TagString: Untagged
  m_Icon: {fileID: 0}
  m_NavMeshLayer: 0
  m_StaticEditorFlags: 0
  m_IsActive: 1
--- !u!1 &1123701710343904
GameObject:
  m_ObjectHideFlags: 1
  m_PrefabParentObject: {fileID: 0}
  m_PrefabInternal: {fileID: 100100000}
  serializedVersion: 5
  m_Component:
  - component: {fileID: 4165972757320034}
  m_Layer: 0
  m_Name: Bone
  m_TagString: Untagged
  m_Icon: {fileID: 0}
  m_NavMeshLayer: 0
  m_StaticEditorFlags: 0
  m_IsActive: 1
--- !u!1 &1129398013591698
GameObject:
  m_ObjectHideFlags: 1
  m_PrefabParentObject: {fileID: 0}
  m_PrefabInternal: {fileID: 100100000}
  serializedVersion: 5
  m_Component:
  - component: {fileID: 4280271208672728}
  m_Layer: 0
  m_Name: Shoulder_L
  m_TagString: Untagged
  m_Icon: {fileID: 0}
  m_NavMeshLayer: 0
  m_StaticEditorFlags: 0
  m_IsActive: 1
--- !u!1 &1143123357912498
GameObject:
  m_ObjectHideFlags: 1
  m_PrefabParentObject: {fileID: 0}
  m_PrefabInternal: {fileID: 100100000}
  serializedVersion: 5
  m_Component:
  - component: {fileID: 4291649066404610}
  m_Layer: 0
  m_Name: Ring02_R
  m_TagString: Untagged
  m_Icon: {fileID: 0}
  m_NavMeshLayer: 0
  m_StaticEditorFlags: 0
  m_IsActive: 1
--- !u!1 &1155011056214468
GameObject:
  m_ObjectHideFlags: 1
  m_PrefabParentObject: {fileID: 0}
  m_PrefabInternal: {fileID: 100100000}
  serializedVersion: 5
  m_Component:
  - component: {fileID: 4244144514440684}
  m_Layer: 0
  m_Name: Bone_008
  m_TagString: Untagged
  m_Icon: {fileID: 0}
  m_NavMeshLayer: 0
  m_StaticEditorFlags: 0
  m_IsActive: 1
--- !u!1 &1173705972268874
GameObject:
  m_ObjectHideFlags: 1
  m_PrefabParentObject: {fileID: 0}
  m_PrefabInternal: {fileID: 100100000}
  serializedVersion: 5
  m_Component:
  - component: {fileID: 4309738480006638}
  m_Layer: 0
  m_Name: Ring01_L
  m_TagString: Untagged
  m_Icon: {fileID: 0}
  m_NavMeshLayer: 0
  m_StaticEditorFlags: 0
  m_IsActive: 1
--- !u!1 &1178776849420180
GameObject:
  m_ObjectHideFlags: 1
  m_PrefabParentObject: {fileID: 0}
  m_PrefabInternal: {fileID: 100100000}
  serializedVersion: 5
  m_Component:
  - component: {fileID: 4400197706361428}
  m_Layer: 0
  m_Name: Ring03_L
  m_TagString: Untagged
  m_Icon: {fileID: 0}
  m_NavMeshLayer: 0
  m_StaticEditorFlags: 0
  m_IsActive: 1
--- !u!1 &1182060192321008
GameObject:
  m_ObjectHideFlags: 1
  m_PrefabParentObject: {fileID: 0}
  m_PrefabInternal: {fileID: 100100000}
  serializedVersion: 5
  m_Component:
  - component: {fileID: 4057423891847352}
  m_Layer: 0
  m_Name: Middle03_R
  m_TagString: Untagged
  m_Icon: {fileID: 0}
  m_NavMeshLayer: 0
  m_StaticEditorFlags: 0
  m_IsActive: 1
--- !u!1 &1186671664430668
GameObject:
  m_ObjectHideFlags: 1
  m_PrefabParentObject: {fileID: 0}
  m_PrefabInternal: {fileID: 100100000}
  serializedVersion: 5
  m_Component:
  - component: {fileID: 4575221756131086}
  m_Layer: 0
  m_Name: Ring02_L
  m_TagString: Untagged
  m_Icon: {fileID: 0}
  m_NavMeshLayer: 0
  m_StaticEditorFlags: 0
  m_IsActive: 1
--- !u!1 &1208106284779054
GameObject:
  m_ObjectHideFlags: 0
  m_PrefabParentObject: {fileID: 0}
  m_PrefabInternal: {fileID: 100100000}
  serializedVersion: 5
  m_Component:
  - component: {fileID: 4624299813607884}
  - component: {fileID: 95596707456307962}
  - component: {fileID: 136698452102480074}
  - component: {fileID: 54953740876482360}
  - component: {fileID: 114852851858562698}
  - component: {fileID: 114115932705817806}
  - component: {fileID: 114784200351680158}
  - component: {fileID: 33403069501053792}
  m_Layer: 0
  m_Name: ThirdPersonController
  m_TagString: Untagged
  m_Icon: {fileID: 0}
  m_NavMeshLayer: 0
  m_StaticEditorFlags: 0
  m_IsActive: 1
--- !u!1 &1215709641432566
GameObject:
  m_ObjectHideFlags: 1
  m_PrefabParentObject: {fileID: 0}
  m_PrefabInternal: {fileID: 100100000}
  serializedVersion: 5
  m_Component:
  - component: {fileID: 4672404781664710}
  m_Layer: 0
  m_Name: LowerArm_L
  m_TagString: Untagged
  m_Icon: {fileID: 0}
  m_NavMeshLayer: 0
  m_StaticEditorFlags: 0
  m_IsActive: 1
--- !u!1 &1263032692873226
GameObject:
  m_ObjectHideFlags: 1
  m_PrefabParentObject: {fileID: 0}
  m_PrefabInternal: {fileID: 100100000}
  serializedVersion: 5
  m_Component:
  - component: {fileID: 4575667956575510}
  m_Layer: 0
  m_Name: Middle01_R
  m_TagString: Untagged
  m_Icon: {fileID: 0}
  m_NavMeshLayer: 0
  m_StaticEditorFlags: 0
  m_IsActive: 1
--- !u!1 &1287234036932366
GameObject:
  m_ObjectHideFlags: 1
  m_PrefabParentObject: {fileID: 0}
  m_PrefabInternal: {fileID: 100100000}
  serializedVersion: 5
  m_Component:
  - component: {fileID: 4243270412683962}
  m_Layer: 0
  m_Name: Index02_L
  m_TagString: Untagged
  m_Icon: {fileID: 0}
  m_NavMeshLayer: 0
  m_StaticEditorFlags: 0
  m_IsActive: 1
--- !u!1 &1320713969718944
GameObject:
  m_ObjectHideFlags: 1
  m_PrefabParentObject: {fileID: 0}
  m_PrefabInternal: {fileID: 100100000}
  serializedVersion: 5
  m_Component:
  - component: {fileID: 4953930378190066}
  m_Layer: 0
  m_Name: Foot_L
  m_TagString: Untagged
  m_Icon: {fileID: 0}
  m_NavMeshLayer: 0
  m_StaticEditorFlags: 0
  m_IsActive: 1
--- !u!1 &1333218127674386
GameObject:
  m_ObjectHideFlags: 1
  m_PrefabParentObject: {fileID: 0}
  m_PrefabInternal: {fileID: 100100000}
  serializedVersion: 5
  m_Component:
  - component: {fileID: 4615228636002192}
  - component: {fileID: 137572310898610934}
  m_Layer: 0
  m_Name: zPerso_001
  m_TagString: Untagged
  m_Icon: {fileID: 0}
  m_NavMeshLayer: 0
  m_StaticEditorFlags: 0
  m_IsActive: 1
--- !u!1 &1371745527363186
GameObject:
  m_ObjectHideFlags: 1
  m_PrefabParentObject: {fileID: 0}
  m_PrefabInternal: {fileID: 100100000}
  serializedVersion: 5
  m_Component:
  - component: {fileID: 4840992059038302}
  m_Layer: 0
  m_Name: UpperArm_R_002
  m_TagString: Untagged
  m_Icon: {fileID: 0}
  m_NavMeshLayer: 0
  m_StaticEditorFlags: 0
  m_IsActive: 1
--- !u!1 &1377134900473584
GameObject:
  m_ObjectHideFlags: 1
  m_PrefabParentObject: {fileID: 0}
  m_PrefabInternal: {fileID: 100100000}
  serializedVersion: 5
  m_Component:
  - component: {fileID: 4853078375130708}
  m_Layer: 0
  m_Name: Spine
  m_TagString: Untagged
  m_Icon: {fileID: 0}
  m_NavMeshLayer: 0
  m_StaticEditorFlags: 0
  m_IsActive: 1
--- !u!1 &1400422071878948
GameObject:
  m_ObjectHideFlags: 1
  m_PrefabParentObject: {fileID: 0}
  m_PrefabInternal: {fileID: 100100000}
  serializedVersion: 5
  m_Component:
  - component: {fileID: 4553169532106820}
  m_Layer: 0
  m_Name: Index01_R
  m_TagString: Untagged
  m_Icon: {fileID: 0}
  m_NavMeshLayer: 0
  m_StaticEditorFlags: 0
  m_IsActive: 1
--- !u!1 &1404171807860028
GameObject:
  m_ObjectHideFlags: 1
  m_PrefabParentObject: {fileID: 0}
  m_PrefabInternal: {fileID: 100100000}
  serializedVersion: 5
  m_Component:
  - component: {fileID: 4599053385563110}
  m_Layer: 0
  m_Name: Middle02_R
  m_TagString: Untagged
  m_Icon: {fileID: 0}
  m_NavMeshLayer: 0
  m_StaticEditorFlags: 0
  m_IsActive: 1
--- !u!1 &1404176556679904
GameObject:
  m_ObjectHideFlags: 1
  m_PrefabParentObject: {fileID: 0}
  m_PrefabInternal: {fileID: 100100000}
  serializedVersion: 5
  m_Component:
  - component: {fileID: 4435077607836228}
  m_Layer: 0
  m_Name: UpperArm_L
  m_TagString: Untagged
  m_Icon: {fileID: 0}
  m_NavMeshLayer: 0
  m_StaticEditorFlags: 0
  m_IsActive: 1
--- !u!1 &1415961251529574
GameObject:
  m_ObjectHideFlags: 1
  m_PrefabParentObject: {fileID: 0}
  m_PrefabInternal: {fileID: 100100000}
  serializedVersion: 5
  m_Component:
  - component: {fileID: 4238008347491816}
  m_Layer: 0
  m_Name: Bone_005
  m_TagString: Untagged
  m_Icon: {fileID: 0}
  m_NavMeshLayer: 0
  m_StaticEditorFlags: 0
  m_IsActive: 1
--- !u!1 &1418540675136532
GameObject:
  m_ObjectHideFlags: 1
  m_PrefabParentObject: {fileID: 0}
  m_PrefabInternal: {fileID: 100100000}
  serializedVersion: 5
  m_Component:
  - component: {fileID: 4206272153152900}
  m_Layer: 0
  m_Name: Thumb02_L
  m_TagString: Untagged
  m_Icon: {fileID: 0}
  m_NavMeshLayer: 0
  m_StaticEditorFlags: 0
  m_IsActive: 1
--- !u!1 &1424857845868860
GameObject:
  m_ObjectHideFlags: 1
  m_PrefabParentObject: {fileID: 0}
  m_PrefabInternal: {fileID: 100100000}
  serializedVersion: 5
  m_Component:
  - component: {fileID: 4970139625950014}
  m_Layer: 0
  m_Name: Middle02_L
  m_TagString: Untagged
  m_Icon: {fileID: 0}
  m_NavMeshLayer: 0
  m_StaticEditorFlags: 0
  m_IsActive: 1
--- !u!1 &1425611509216056
GameObject:
  m_ObjectHideFlags: 1
  m_PrefabParentObject: {fileID: 0}
  m_PrefabInternal: {fileID: 100100000}
  serializedVersion: 5
  m_Component:
  - component: {fileID: 4262832600063158}
  m_Layer: 0
  m_Name: UpperArm_L_001
  m_TagString: Untagged
  m_Icon: {fileID: 0}
  m_NavMeshLayer: 0
  m_StaticEditorFlags: 0
  m_IsActive: 1
--- !u!1 &1433572605111084
GameObject:
  m_ObjectHideFlags: 1
  m_PrefabParentObject: {fileID: 0}
  m_PrefabInternal: {fileID: 100100000}
  serializedVersion: 5
  m_Component:
  - component: {fileID: 4506079336117546}
  m_Layer: 0
  m_Name: UpperArm_L_003
  m_TagString: Untagged
  m_Icon: {fileID: 0}
  m_NavMeshLayer: 0
  m_StaticEditorFlags: 0
  m_IsActive: 1
--- !u!1 &1449547132009106
GameObject:
  m_ObjectHideFlags: 1
  m_PrefabParentObject: {fileID: 0}
  m_PrefabInternal: {fileID: 100100000}
  serializedVersion: 5
  m_Component:
  - component: {fileID: 4831754901776864}
  m_Layer: 0
  m_Name: Bone_003
  m_TagString: Untagged
  m_Icon: {fileID: 0}
  m_NavMeshLayer: 0
  m_StaticEditorFlags: 0
  m_IsActive: 1
--- !u!1 &1468921249178474
GameObject:
  m_ObjectHideFlags: 1
  m_PrefabParentObject: {fileID: 0}
  m_PrefabInternal: {fileID: 100100000}
  serializedVersion: 5
  m_Component:
  - component: {fileID: 4127682770737222}
  m_Layer: 0
  m_Name: Ring03_R
  m_TagString: Untagged
  m_Icon: {fileID: 0}
  m_NavMeshLayer: 0
  m_StaticEditorFlags: 0
  m_IsActive: 1
--- !u!1 &1480058503214764
GameObject:
  m_ObjectHideFlags: 1
  m_PrefabParentObject: {fileID: 0}
  m_PrefabInternal: {fileID: 100100000}
  serializedVersion: 5
  m_Component:
  - component: {fileID: 4234041760033418}
  m_Layer: 0
  m_Name: Bone_002
  m_TagString: Untagged
  m_Icon: {fileID: 0}
  m_NavMeshLayer: 0
  m_StaticEditorFlags: 0
  m_IsActive: 1
--- !u!1 &1490536110456412
GameObject:
  m_ObjectHideFlags: 1
  m_PrefabParentObject: {fileID: 0}
  m_PrefabInternal: {fileID: 100100000}
  serializedVersion: 5
  m_Component:
  - component: {fileID: 4886927497935944}
  m_Layer: 0
  m_Name: Middle03_L
  m_TagString: Untagged
  m_Icon: {fileID: 0}
  m_NavMeshLayer: 0
  m_StaticEditorFlags: 0
  m_IsActive: 1
--- !u!1 &1490565250757176
GameObject:
  m_ObjectHideFlags: 1
  m_PrefabParentObject: {fileID: 0}
  m_PrefabInternal: {fileID: 100100000}
  serializedVersion: 5
  m_Component:
  - component: {fileID: 4331645622496936}
  m_Layer: 0
  m_Name: Pinky02_R
  m_TagString: Untagged
  m_Icon: {fileID: 0}
  m_NavMeshLayer: 0
  m_StaticEditorFlags: 0
  m_IsActive: 1
--- !u!1 &1499192169401058
GameObject:
  m_ObjectHideFlags: 1
  m_PrefabParentObject: {fileID: 0}
  m_PrefabInternal: {fileID: 100100000}
  serializedVersion: 5
  m_Component:
  - component: {fileID: 4117795024528498}
  m_Layer: 0
  m_Name: Shoulder_R
  m_TagString: Untagged
  m_Icon: {fileID: 0}
  m_NavMeshLayer: 0
  m_StaticEditorFlags: 0
  m_IsActive: 1
--- !u!1 &1515204560770630
GameObject:
  m_ObjectHideFlags: 1
  m_PrefabParentObject: {fileID: 0}
  m_PrefabInternal: {fileID: 100100000}
  serializedVersion: 5
  m_Component:
  - component: {fileID: 4365439158614930}
  m_Layer: 0
  m_Name: UpperArm_R_001
  m_TagString: Untagged
  m_Icon: {fileID: 0}
  m_NavMeshLayer: 0
  m_StaticEditorFlags: 0
  m_IsActive: 1
--- !u!1 &1519652877335394
GameObject:
  m_ObjectHideFlags: 1
  m_PrefabParentObject: {fileID: 0}
  m_PrefabInternal: {fileID: 100100000}
  serializedVersion: 5
  m_Component:
  - component: {fileID: 4127511667964374}
  - component: {fileID: 20803625616665886}
  - component: {fileID: 81004793572109586}
  - component: {fileID: 114139603487028268}
  - component: {fileID: 124848490178669344}
  m_Layer: 0
  m_Name: MainCamera
  m_TagString: MainCamera
  m_Icon: {fileID: 0}
  m_NavMeshLayer: 0
  m_StaticEditorFlags: 0
  m_IsActive: 1
--- !u!1 &1570245340279668
GameObject:
  m_ObjectHideFlags: 1
  m_PrefabParentObject: {fileID: 0}
  m_PrefabInternal: {fileID: 100100000}
  serializedVersion: 5
  m_Component:
  - component: {fileID: 4559914639932570}
  m_Layer: 0
  m_Name: UpperArm_R_003
  m_TagString: Untagged
  m_Icon: {fileID: 0}
  m_NavMeshLayer: 0
  m_StaticEditorFlags: 0
  m_IsActive: 1
--- !u!1 &1583805202382350
GameObject:
  m_ObjectHideFlags: 1
  m_PrefabParentObject: {fileID: 0}
  m_PrefabInternal: {fileID: 100100000}
  serializedVersion: 5
  m_Component:
  - component: {fileID: 4470681327445396}
  m_Layer: 0
  m_Name: UpperLeg_L
  m_TagString: Untagged
  m_Icon: {fileID: 0}
  m_NavMeshLayer: 0
  m_StaticEditorFlags: 0
  m_IsActive: 1
--- !u!1 &1651513267197254
GameObject:
  m_ObjectHideFlags: 1
  m_PrefabParentObject: {fileID: 0}
  m_PrefabInternal: {fileID: 100100000}
  serializedVersion: 5
  m_Component:
  - component: {fileID: 4025196062268066}
  m_Layer: 0
  m_Name: Foot_R
  m_TagString: Untagged
  m_Icon: {fileID: 0}
  m_NavMeshLayer: 0
  m_StaticEditorFlags: 0
  m_IsActive: 1
--- !u!1 &1653288875748134
GameObject:
  m_ObjectHideFlags: 1
  m_PrefabParentObject: {fileID: 0}
  m_PrefabInternal: {fileID: 100100000}
  serializedVersion: 5
  m_Component:
  - component: {fileID: 4594832291912016}
  m_Layer: 0
  m_Name: Thumb01_L
  m_TagString: Untagged
  m_Icon: {fileID: 0}
  m_NavMeshLayer: 0
  m_StaticEditorFlags: 0
  m_IsActive: 1
--- !u!1 &1658178555303994
GameObject:
  m_ObjectHideFlags: 1
  m_PrefabParentObject: {fileID: 0}
  m_PrefabInternal: {fileID: 100100000}
  serializedVersion: 5
  m_Component:
  - component: {fileID: 4271539684023408}
  m_Layer: 0
  m_Name: Head
  m_TagString: Untagged
  m_Icon: {fileID: 0}
  m_NavMeshLayer: 0
  m_StaticEditorFlags: 0
  m_IsActive: 1
--- !u!1 &1685291235331030
GameObject:
  m_ObjectHideFlags: 1
  m_PrefabParentObject: {fileID: 0}
  m_PrefabInternal: {fileID: 100100000}
  serializedVersion: 5
  m_Component:
  - component: {fileID: 4238034664800048}
  m_Layer: 0
  m_Name: Pinky01_L
  m_TagString: Untagged
  m_Icon: {fileID: 0}
  m_NavMeshLayer: 0
  m_StaticEditorFlags: 0
  m_IsActive: 1
--- !u!1 &1689466383800654
GameObject:
  m_ObjectHideFlags: 1
  m_PrefabParentObject: {fileID: 0}
  m_PrefabInternal: {fileID: 100100000}
  serializedVersion: 5
  m_Component:
  - component: {fileID: 4943061883563164}
  m_Layer: 0
  m_Name: Thumb02_R
  m_TagString: Untagged
  m_Icon: {fileID: 0}
  m_NavMeshLayer: 0
  m_StaticEditorFlags: 0
  m_IsActive: 1
--- !u!1 &1696339026585184
GameObject:
  m_ObjectHideFlags: 1
  m_PrefabParentObject: {fileID: 0}
  m_PrefabInternal: {fileID: 100100000}
  serializedVersion: 5
  m_Component:
  - component: {fileID: 4121077886728516}
  m_Layer: 0
  m_Name: LowerLeg_L
  m_TagString: Untagged
  m_Icon: {fileID: 0}
  m_NavMeshLayer: 0
  m_StaticEditorFlags: 0
  m_IsActive: 1
--- !u!1 &1732565126926058
GameObject:
  m_ObjectHideFlags: 1
  m_PrefabParentObject: {fileID: 0}
  m_PrefabInternal: {fileID: 100100000}
  serializedVersion: 5
  m_Component:
  - component: {fileID: 4501339471812570}
  m_Layer: 0
  m_Name: Hips
  m_TagString: Untagged
  m_Icon: {fileID: 0}
  m_NavMeshLayer: 0
  m_StaticEditorFlags: 0
  m_IsActive: 1
--- !u!1 &1788613790210842
GameObject:
  m_ObjectHideFlags: 1
  m_PrefabParentObject: {fileID: 0}
  m_PrefabInternal: {fileID: 100100000}
  serializedVersion: 5
  m_Component:
  - component: {fileID: 4493054843304708}
  - component: {fileID: 137034851666048676}
  m_Layer: 0
  m_Name: Hair_Full_Brown
  m_TagString: Untagged
  m_Icon: {fileID: 0}
  m_NavMeshLayer: 0
  m_StaticEditorFlags: 0
  m_IsActive: 1
--- !u!1 &1818714977679850
GameObject:
  m_ObjectHideFlags: 1
  m_PrefabParentObject: {fileID: 0}
  m_PrefabInternal: {fileID: 100100000}
  serializedVersion: 5
  m_Component:
  - component: {fileID: 4599326576820984}
  m_Layer: 0
  m_Name: Pinky03_R
  m_TagString: Untagged
  m_Icon: {fileID: 0}
  m_NavMeshLayer: 0
  m_StaticEditorFlags: 0
  m_IsActive: 1
--- !u!1 &1823962736698108
GameObject:
  m_ObjectHideFlags: 1
  m_PrefabParentObject: {fileID: 0}
  m_PrefabInternal: {fileID: 100100000}
  serializedVersion: 5
  m_Component:
  - component: {fileID: 4847767446785878}
  m_Layer: 0
  m_Name: Index02_R_001
  m_TagString: Untagged
  m_Icon: {fileID: 0}
  m_NavMeshLayer: 0
  m_StaticEditorFlags: 0
  m_IsActive: 1
--- !u!1 &1843190271189068
GameObject:
  m_ObjectHideFlags: 1
  m_PrefabParentObject: {fileID: 0}
  m_PrefabInternal: {fileID: 100100000}
  serializedVersion: 5
  m_Component:
  - component: {fileID: 4535688505287132}
  m_Layer: 0
  m_Name: UpperArm_R
  m_TagString: Untagged
  m_Icon: {fileID: 0}
  m_NavMeshLayer: 0
  m_StaticEditorFlags: 0
  m_IsActive: 1
--- !u!1 &1861188395539486
GameObject:
  m_ObjectHideFlags: 0
  m_PrefabParentObject: {fileID: 0}
  m_PrefabInternal: {fileID: 100100000}
  serializedVersion: 5
  m_Component:
  - component: {fileID: 4822954415595542}
  - component: {fileID: 111387545243808772}
  m_Layer: 0
  m_Name: AliceTASClothedFallbackBlond
  m_TagString: Untagged
  m_Icon: {fileID: 0}
  m_NavMeshLayer: 0
  m_StaticEditorFlags: 0
  m_IsActive: 1
--- !u!1 &1888980896415704
GameObject:
  m_ObjectHideFlags: 1
  m_PrefabParentObject: {fileID: 0}
  m_PrefabInternal: {fileID: 100100000}
  serializedVersion: 5
  m_Component:
  - component: {fileID: 4476553518710856}
  m_Layer: 0
  m_Name: Chest
  m_TagString: Untagged
  m_Icon: {fileID: 0}
  m_NavMeshLayer: 0
  m_StaticEditorFlags: 0
  m_IsActive: 1
--- !u!1 &1897475011613576
GameObject:
  m_ObjectHideFlags: 1
  m_PrefabParentObject: {fileID: 0}
  m_PrefabInternal: {fileID: 100100000}
  serializedVersion: 5
  m_Component:
  - component: {fileID: 4560022847020382}
  m_Layer: 0
  m_Name: UpperLeg_R
  m_TagString: Untagged
  m_Icon: {fileID: 0}
  m_NavMeshLayer: 0
  m_StaticEditorFlags: 0
  m_IsActive: 1
--- !u!1 &1897972265685456
GameObject:
  m_ObjectHideFlags: 1
  m_PrefabParentObject: {fileID: 0}
  m_PrefabInternal: {fileID: 100100000}
  serializedVersion: 5
  m_Component:
  - component: {fileID: 4088389529260978}
  m_Layer: 0
  m_Name: Pinky01_R
  m_TagString: Untagged
  m_Icon: {fileID: 0}
  m_NavMeshLayer: 0
  m_StaticEditorFlags: 0
  m_IsActive: 1
--- !u!1 &1908656541287020
GameObject:
  m_ObjectHideFlags: 1
  m_PrefabParentObject: {fileID: 0}
  m_PrefabInternal: {fileID: 100100000}
  serializedVersion: 5
  m_Component:
  - component: {fileID: 4459295235607366}
  m_Layer: 0
  m_Name: Ring01_R
  m_TagString: Untagged
  m_Icon: {fileID: 0}
  m_NavMeshLayer: 0
  m_StaticEditorFlags: 0
  m_IsActive: 1
--- !u!1 &1909620945605642
GameObject:
  m_ObjectHideFlags: 1
  m_PrefabParentObject: {fileID: 0}
  m_PrefabInternal: {fileID: 100100000}
  serializedVersion: 5
  m_Component:
  - component: {fileID: 4954972779040222}
  m_Layer: 0
  m_Name: Toes_R
  m_TagString: Untagged
  m_Icon: {fileID: 0}
  m_NavMeshLayer: 0
  m_StaticEditorFlags: 0
  m_IsActive: 1
--- !u!1 &1916135886069134
GameObject:
  m_ObjectHideFlags: 1
  m_PrefabParentObject: {fileID: 0}
  m_PrefabInternal: {fileID: 100100000}
  serializedVersion: 5
  m_Component:
  - component: {fileID: 4873054405149580}
  m_Layer: 0
  m_Name: UpperArm_L_002
  m_TagString: Untagged
  m_Icon: {fileID: 0}
  m_NavMeshLayer: 0
  m_StaticEditorFlags: 0
  m_IsActive: 1
--- !u!1 &1921280177225676
GameObject:
  m_ObjectHideFlags: 1
  m_PrefabParentObject: {fileID: 0}
  m_PrefabInternal: {fileID: 100100000}
  serializedVersion: 5
  m_Component:
  - component: {fileID: 4325431101989336}
  m_Layer: 0
  m_Name: Index01_L
  m_TagString: Untagged
  m_Icon: {fileID: 0}
  m_NavMeshLayer: 0
  m_StaticEditorFlags: 0
  m_IsActive: 1
--- !u!1 &1924349479608106
GameObject:
  m_ObjectHideFlags: 1
  m_PrefabParentObject: {fileID: 0}
  m_PrefabInternal: {fileID: 100100000}
  serializedVersion: 5
  m_Component:
  - component: {fileID: 4309631178986530}
  m_Layer: 0
  m_Name: Pinky02_L
  m_TagString: Untagged
  m_Icon: {fileID: 0}
  m_NavMeshLayer: 0
  m_StaticEditorFlags: 0
  m_IsActive: 1
--- !u!1 &1941185430374898
GameObject:
  m_ObjectHideFlags: 1
  m_PrefabParentObject: {fileID: 0}
  m_PrefabInternal: {fileID: 100100000}
  serializedVersion: 5
  m_Component:
  - component: {fileID: 4589855250806388}
  m_Layer: 0
  m_Name: Thumb01_R
  m_TagString: Untagged
  m_Icon: {fileID: 0}
  m_NavMeshLayer: 0
  m_StaticEditorFlags: 0
  m_IsActive: 1
--- !u!1 &1949521243401714
GameObject:
  m_ObjectHideFlags: 1
  m_PrefabParentObject: {fileID: 0}
  m_PrefabInternal: {fileID: 100100000}
  serializedVersion: 5
  m_Component:
  - component: {fileID: 4246411349723322}
  m_Layer: 0
  m_Name: Index02_L_001
  m_TagString: Untagged
  m_Icon: {fileID: 0}
  m_NavMeshLayer: 0
  m_StaticEditorFlags: 0
  m_IsActive: 1
--- !u!1 &1973860854941954
GameObject:
  m_ObjectHideFlags: 1
  m_PrefabParentObject: {fileID: 0}
  m_PrefabInternal: {fileID: 100100000}
  serializedVersion: 5
  m_Component:
  - component: {fileID: 4192692644912328}
  - component: {fileID: 137876973341775240}
  m_Layer: 0
  m_Name: Cylinder
  m_TagString: Untagged
  m_Icon: {fileID: 0}
  m_NavMeshLayer: 0
  m_StaticEditorFlags: 0
  m_IsActive: 1
--- !u!1 &1977774350132452
GameObject:
  m_ObjectHideFlags: 1
  m_PrefabParentObject: {fileID: 0}
  m_PrefabInternal: {fileID: 100100000}
  serializedVersion: 5
  m_Component:
  - component: {fileID: 4047121525525184}
  m_Layer: 0
  m_Name: LowerArm_R
  m_TagString: Untagged
  m_Icon: {fileID: 0}
  m_NavMeshLayer: 0
  m_StaticEditorFlags: 0
  m_IsActive: 1
--- !u!1 &1980220908950138
GameObject:
  m_ObjectHideFlags: 1
  m_PrefabParentObject: {fileID: 0}
  m_PrefabInternal: {fileID: 100100000}
  serializedVersion: 5
  m_Component:
  - component: {fileID: 4442888479034426}
  m_Layer: 0
  m_Name: Neck
  m_TagString: Untagged
  m_Icon: {fileID: 0}
  m_NavMeshLayer: 0
  m_StaticEditorFlags: 0
  m_IsActive: 1
--- !u!1 &1983192837948196
GameObject:
  m_ObjectHideFlags: 1
  m_PrefabParentObject: {fileID: 0}
  m_PrefabInternal: {fileID: 100100000}
  serializedVersion: 5
  m_Component:
  - component: {fileID: 4829518412702738}
  m_Layer: 0
  m_Name: Bone_004
  m_TagString: Untagged
  m_Icon: {fileID: 0}
  m_NavMeshLayer: 0
  m_StaticEditorFlags: 0
  m_IsActive: 1
--- !u!1 &1997884732643484
GameObject:
  m_ObjectHideFlags: 1
  m_PrefabParentObject: {fileID: 0}
  m_PrefabInternal: {fileID: 100100000}
  serializedVersion: 5
  m_Component:
  - component: {fileID: 4835751269788700}
  m_Layer: 0
  m_Name: Hand_L
  m_TagString: Untagged
  m_Icon: {fileID: 0}
  m_NavMeshLayer: 0
  m_StaticEditorFlags: 0
  m_IsActive: 1
--- !u!4 &4025196062268066
Transform:
  m_ObjectHideFlags: 1
  m_PrefabParentObject: {fileID: 0}
  m_PrefabInternal: {fileID: 100100000}
  m_GameObject: {fileID: 1651513267197254}
  m_LocalRotation: {x: 0.00054995617, y: 0.51184654, z: 0.02644024, w: 0.8586698}
  m_LocalPosition: {x: -0.43693835, y: 0.0000000311411, z: 0.00000000721775}
  m_LocalScale: {x: 1.0000101, y: 0.9999998, z: 1.0000134}
  m_Children:
  - {fileID: 4954972779040222}
  m_Father: {fileID: 4308217272238746}
  m_RootOrder: 0
  m_LocalEulerAnglesHint: {x: 0, y: 0, z: 0}
--- !u!4 &4026496229827654
Transform:
  m_ObjectHideFlags: 1
  m_PrefabParentObject: {fileID: 0}
  m_PrefabInternal: {fileID: 100100000}
  m_GameObject: {fileID: 1029630828382562}
  m_LocalRotation: {x: -0.7071068, y: 0, z: -0, w: 0.7071068}
  m_LocalPosition: {x: -0, y: 0, z: 0}
  m_LocalScale: {x: 1, y: 1, z: 1}
  m_Children:
  - {fileID: 4165972757320034}
  - {fileID: 4244144514440684}
  - {fileID: 4501339471812570}
  m_Father: {fileID: 4822954415595542}
  m_RootOrder: 0
  m_LocalEulerAnglesHint: {x: 0, y: 0, z: 0}
--- !u!4 &4029500537738318
Transform:
  m_ObjectHideFlags: 1
  m_PrefabParentObject: {fileID: 0}
  m_PrefabInternal: {fileID: 100100000}
  m_GameObject: {fileID: 1071152869506718}
  m_LocalRotation: {x: 0.09943911, y: 0.54601085, z: -0.06163974, w: 0.8295689}
  m_LocalPosition: {x: -0.068416044, y: -0.000000001862645, z: -0.000000015832484}
  m_LocalScale: {x: 0.99999994, y: 1, z: 1}
  m_Children: []
  m_Father: {fileID: 4069665306533776}
  m_RootOrder: 0
  m_LocalEulerAnglesHint: {x: 0, y: 0, z: 0}
--- !u!4 &4047121525525184
Transform:
  m_ObjectHideFlags: 1
  m_PrefabParentObject: {fileID: 0}
  m_PrefabInternal: {fileID: 100100000}
  m_GameObject: {fileID: 1977774350132452}
  m_LocalRotation: {x: -0.27312294, y: 0.11426198, z: -0.12624885, w: 0.94678897}
  m_LocalPosition: {x: -0.2921452, y: 0.00000006787013, z: -0.000000010244548}
  m_LocalScale: {x: 1, y: 1, z: 0.99999994}
  m_Children:
  - {fileID: 4992837353939620}
  m_Father: {fileID: 4535688505287132}
  m_RootOrder: 0
  m_LocalEulerAnglesHint: {x: 0, y: 0, z: 0}
--- !u!4 &4057423891847352
Transform:
  m_ObjectHideFlags: 1
  m_PrefabParentObject: {fileID: 0}
  m_PrefabInternal: {fileID: 100100000}
  m_GameObject: {fileID: 1182060192321008}
  m_LocalRotation: {x: 0.0051333522, y: 0.045789048, z: -0.091903284, w: 0.9947014}
  m_LocalPosition: {x: -0.029356975, y: 0.000000044703484, z: -0.000000029802322}
  m_LocalScale: {x: 1.0000001, y: 1, z: 0.99999994}
  m_Children: []
  m_Father: {fileID: 4599053385563110}
  m_RootOrder: 0
  m_LocalEulerAnglesHint: {x: 0, y: 0, z: 0}
--- !u!4 &4067235404952098
Transform:
  m_ObjectHideFlags: 1
  m_PrefabParentObject: {fileID: 0}
  m_PrefabInternal: {fileID: 100100000}
  m_GameObject: {fileID: 1003592409423336}
  m_LocalRotation: {x: -0.0035457734, y: -0.004629667, z: 0.069753386, w: 0.9975472}
  m_LocalPosition: {x: -0.080607675, y: 0.020454913, z: 0.0077661974}
  m_LocalScale: {x: 0.99999994, y: 0.9999999, z: 0.99999994}
  m_Children:
  - {fileID: 4970139625950014}
  m_Father: {fileID: 4835751269788700}
  m_RootOrder: 1
  m_LocalEulerAnglesHint: {x: 0, y: 0, z: 0}
--- !u!4 &4069665306533776
Transform:
  m_ObjectHideFlags: 1
  m_PrefabParentObject: {fileID: 0}
  m_PrefabInternal: {fileID: 100100000}
  m_GameObject: {fileID: 1038805503648070}
  m_LocalRotation: {x: 0.0041071204, y: -0.14177112, z: 0.012304365, w: 0.98981446}
  m_LocalPosition: {x: -0.068375416, y: 0.00000000372529, z: 0.000000011175871}
  m_LocalScale: {x: 1, y: 1, z: 0.99999994}
  m_Children:
  - {fileID: 4029500537738318}
  m_Father: {fileID: 4238008347491816}
  m_RootOrder: 0
  m_LocalEulerAnglesHint: {x: 0, y: 0, z: 0}
--- !u!4 &4088389529260978
Transform:
  m_ObjectHideFlags: 1
  m_PrefabParentObject: {fileID: 0}
  m_PrefabInternal: {fileID: 100100000}
  m_GameObject: {fileID: 1897972265685456}
  m_LocalRotation: {x: 0.0021667003, y: 0.022703161, z: -0.031438872, w: 0.99924546}
  m_LocalPosition: {x: -0.08288275, y: -0.023148887, z: -0.039953157}
  m_LocalScale: {x: 0.9999999, y: 1.0000001, z: 1}
  m_Children:
  - {fileID: 4331645622496936}
  m_Father: {fileID: 4992837353939620}
  m_RootOrder: 2
  m_LocalEulerAnglesHint: {x: 0, y: 0, z: 0}
--- !u!4 &4117795024528498
Transform:
  m_ObjectHideFlags: 1
  m_PrefabParentObject: {fileID: 0}
  m_PrefabInternal: {fileID: 100100000}
  m_GameObject: {fileID: 1499192169401058}
  m_LocalRotation: {x: -0.088494726, y: -0.08530047, z: -0.79950726, w: 0.5879462}
  m_LocalPosition: {x: -0.3176133, y: 0.07114471, z: -0.029983496}
  m_LocalScale: {x: 0.99999994, y: 1, z: 0.99999994}
  m_Children:
  - {fileID: 4535688505287132}
  m_Father: {fileID: 4476553518710856}
  m_RootOrder: 2
  m_LocalEulerAnglesHint: {x: 0, y: 0, z: 0}
--- !u!4 &4121077886728516
Transform:
  m_ObjectHideFlags: 1
  m_PrefabParentObject: {fileID: 0}
  m_PrefabInternal: {fileID: 100100000}
  m_GameObject: {fileID: 1696339026585184}
  m_LocalRotation: {x: -0.00066045386, y: -0.14994869, z: 0.002524639, w: 0.9886904}
  m_LocalPosition: {x: -0.38718122, y: 0.000000028405339, z: 0.00000007299241}
  m_LocalScale: {x: 1.0000023, y: 0.99999994, z: 1.0000097}
  m_Children:
  - {fileID: 4953930378190066}
  m_Father: {fileID: 4470681327445396}
  m_RootOrder: 0
  m_LocalEulerAnglesHint: {x: 0, y: 0, z: 0}
--- !u!4 &4127511667964374
Transform:
  m_ObjectHideFlags: 1
  m_PrefabParentObject: {fileID: 0}
  m_PrefabInternal: {fileID: 100100000}
  m_GameObject: {fileID: 1519652877335394}
  m_LocalRotation: {x: -0, y: 0.005622489, z: -0, w: 0.99998426}
  m_LocalPosition: {x: 0.02, y: 1.78, z: 0.12}
  m_LocalScale: {x: 0.25000006, y: 0.25, z: 0.25000006}
  m_Children: []
  m_Father: {fileID: 4822954415595542}
  m_RootOrder: 4
  m_LocalEulerAnglesHint: {x: 0, y: 0, z: 0}
--- !u!4 &4127682770737222
Transform:
  m_ObjectHideFlags: 1
  m_PrefabParentObject: {fileID: 0}
  m_PrefabInternal: {fileID: 100100000}
  m_GameObject: {fileID: 1468921249178474}
  m_LocalRotation: {x: 0.0026367954, y: -0.0058504343, z: -0.16533373, w: 0.98621684}
  m_LocalPosition: {x: -0.03743885, y: -0.000000040978193, z: 0.000000044703484}
  m_LocalScale: {x: 0.9999999, y: 0.99999994, z: 1}
  m_Children: []
  m_Father: {fileID: 4291649066404610}
  m_RootOrder: 0
  m_LocalEulerAnglesHint: {x: 0, y: 0, z: 0}
--- !u!4 &4165972757320034
Transform:
  m_ObjectHideFlags: 1
  m_PrefabParentObject: {fileID: 0}
  m_PrefabInternal: {fileID: 100100000}
  m_GameObject: {fileID: 1123701710343904}
  m_LocalRotation: {x: 0.5010643, y: 0.48883757, z: 0.51262605, w: -0.497179}
  m_LocalPosition: {x: -0.00045443117, y: -0.024680592, z: 1.896364}
  m_LocalScale: {x: 1, y: 0.99999994, z: 1}
  m_Children:
  - {fileID: 4820130094125640}
  m_Father: {fileID: 4026496229827654}
  m_RootOrder: 0
  m_LocalEulerAnglesHint: {x: 0, y: 0, z: 0}
--- !u!4 &4192692644912328
Transform:
  m_ObjectHideFlags: 1
  m_PrefabParentObject: {fileID: 0}
  m_PrefabInternal: {fileID: 100100000}
  m_GameObject: {fileID: 1973860854941954}
  m_LocalRotation: {x: 0, y: -0, z: -0, w: 1}
  m_LocalPosition: {x: -0, y: 0, z: 0.76523435}
  m_LocalScale: {x: 0.23623309, y: 0.23623309, z: 0.75815195}
  m_Children: []
  m_Father: {fileID: 4822954415595542}
  m_RootOrder: 1
  m_LocalEulerAnglesHint: {x: 0, y: 0, z: 0}
--- !u!4 &4206272153152900
Transform:
  m_ObjectHideFlags: 1
  m_PrefabParentObject: {fileID: 0}
  m_PrefabInternal: {fileID: 100100000}
  m_GameObject: {fileID: 1418540675136532}
  m_LocalRotation: {x: 0.010674461, y: -0.11023236, z: -0.20293729, w: 0.97290874}
  m_LocalPosition: {x: -0.027187455, y: -0.000000002793968, z: 0.000000007450581}
  m_LocalScale: {x: 1, y: 1.0000001, z: 0.9999999}
  m_Children: []
  m_Father: {fileID: 4594832291912016}
  m_RootOrder: 0
  m_LocalEulerAnglesHint: {x: 0, y: 0, z: 0}
--- !u!4 &4213609799916044
Transform:
  m_ObjectHideFlags: 1
  m_PrefabParentObject: {fileID: 0}
  m_PrefabInternal: {fileID: 100100000}
  m_GameObject: {fileID: 1088359601988070}
  m_LocalRotation: {x: -0.0013833102, y: 0.32657757, z: 0.0048571206, w: 0.94515693}
  m_LocalPosition: {x: -0.14261383, y: 0.000000010855729, z: 0.000000008010829}
  m_LocalScale: {x: 1, y: 0.9999999, z: 0.9999998}
  m_Children: []
  m_Father: {fileID: 4953930378190066}
  m_RootOrder: 0
  m_LocalEulerAnglesHint: {x: 0, y: 0, z: 0}
--- !u!4 &4234041760033418
Transform:
  m_ObjectHideFlags: 1
  m_PrefabParentObject: {fileID: 0}
  m_PrefabInternal: {fileID: 100100000}
  m_GameObject: {fileID: 1480058503214764}
  m_LocalRotation: {x: 0.03008158, y: -0.013416262, z: -0.019073375, w: 0.9992754}
  m_LocalPosition: {x: -0.077334516, y: -0.000000016014383, z: -0.000000008789357}
  m_LocalScale: {x: 1, y: 0.9999998, z: 0.9999999}
  m_Children:
  - {fileID: 4831754901776864}
  m_Father: {fileID: 4820130094125640}
  m_RootOrder: 0
  m_LocalEulerAnglesHint: {x: 0, y: 0, z: 0}
--- !u!4 &4238008347491816
Transform:
  m_ObjectHideFlags: 1
  m_PrefabParentObject: {fileID: 0}
  m_PrefabInternal: {fileID: 100100000}
  m_GameObject: {fileID: 1415961251529574}
  m_LocalRotation: {x: -0.022221439, y: -0.067275666, z: 0.014153067, w: 0.9973865}
  m_LocalPosition: {x: -0.093923956, y: -0.000000020023435, z: -0.00000007590279}
  m_LocalScale: {x: 0.99999994, y: 0.9999999, z: 0.99999994}
  m_Children:
  - {fileID: 4069665306533776}
  m_Father: {fileID: 4829518412702738}
  m_RootOrder: 0
  m_LocalEulerAnglesHint: {x: 0, y: 0, z: 0}
--- !u!4 &4238034664800048
Transform:
  m_ObjectHideFlags: 1
  m_PrefabParentObject: {fileID: 0}
  m_PrefabInternal: {fileID: 100100000}
  m_GameObject: {fileID: 1685291235331030}
  m_LocalRotation: {x: -0.002605527, y: 0.012559655, z: 0.05346194, w: 0.99848753}
  m_LocalPosition: {x: -0.076311424, y: 0.018519672, z: -0.040827207}
  m_LocalScale: {x: 0.99999994, y: 1, z: 1}
  m_Children:
  - {fileID: 4309631178986530}
  m_Father: {fileID: 4835751269788700}
  m_RootOrder: 2
  m_LocalEulerAnglesHint: {x: 0, y: 0, z: 0}
--- !u!4 &4243270412683962
Transform:
  m_ObjectHideFlags: 1
  m_PrefabParentObject: {fileID: 0}
  m_PrefabInternal: {fileID: 100100000}
  m_GameObject: {fileID: 1287234036932366}
  m_LocalRotation: {x: -0.012468517, y: -0.09695265, z: 0.109458305, w: 0.9891732}
  m_LocalPosition: {x: -0.05300567, y: 0.000000022351742, z: -0.000000007450581}
  m_LocalScale: {x: 0.9999999, y: 1, z: 1}
  m_Children:
  - {fileID: 4246411349723322}
  m_Father: {fileID: 4325431101989336}
  m_RootOrder: 0
  m_LocalEulerAnglesHint: {x: 0, y: 0, z: 0}
--- !u!4 &4244144514440684
Transform:
  m_ObjectHideFlags: 1
  m_PrefabParentObject: {fileID: 0}
  m_PrefabInternal: {fileID: 100100000}
  m_GameObject: {fileID: 1155011056214468}
  m_LocalRotation: {x: -0.47924593, y: 0.5294808, z: -0.50646764, w: -0.48318106}
  m_LocalPosition: {x: -0.050498262, y: -0.10791931, z: 1.4215819}
  m_LocalScale: {x: 0.99999994, y: 1.0000001, z: 1}
  m_Children: []
  m_Father: {fileID: 4026496229827654}
  m_RootOrder: 1
  m_LocalEulerAnglesHint: {x: 0, y: 0, z: 0}
--- !u!4 &4246411349723322
Transform:
  m_ObjectHideFlags: 1
  m_PrefabParentObject: {fileID: 0}
  m_PrefabInternal: {fileID: 100100000}
  m_GameObject: {fileID: 1949521243401714}
  m_LocalRotation: {x: -0.0050707124, y: 0.01786417, z: 0.15000631, w: 0.98851067}
  m_LocalPosition: {x: -0.035200417, y: 0.000000022351742, z: -0.000000019557774}
  m_LocalScale: {x: 1, y: 1, z: 1}
  m_Children: []
  m_Father: {fileID: 4243270412683962}
  m_RootOrder: 0
  m_LocalEulerAnglesHint: {x: 0, y: 0, z: 0}
--- !u!4 &4262832600063158
Transform:
  m_ObjectHideFlags: 1
  m_PrefabParentObject: {fileID: 0}
  m_PrefabInternal: {fileID: 100100000}
  m_GameObject: {fileID: 1425611509216056}
  m_LocalRotation: {x: -0.03646776, y: 0.9798242, z: -0.039729055, w: 0.19244839}
  m_LocalPosition: {x: -0.30298254, y: -0.000000018015271, z: 0.000000044703484}
  m_LocalScale: {x: 1, y: 1.0000001, z: 1.0000013}
  m_Children: []
  m_Father: {fileID: 4435077607836228}
  m_RootOrder: 1
  m_LocalEulerAnglesHint: {x: 0, y: 0, z: 0}
--- !u!4 &4271539684023408
Transform:
  m_ObjectHideFlags: 1
  m_PrefabParentObject: {fileID: 0}
  m_PrefabInternal: {fileID: 100100000}
  m_GameObject: {fileID: 1658178555303994}
  m_LocalRotation: {x: 0.000000019151074, y: 0.20777823, z: -0.00000005661205, w: 0.97817594}
  m_LocalPosition: {x: -0.12946156, y: 0.00000001071021, z: 0.000000032046955}
  m_LocalScale: {x: 0.99999994, y: 0.99999994, z: 0.99999994}
  m_Children: []
  m_Father: {fileID: 4442888479034426}
  m_RootOrder: 0
  m_LocalEulerAnglesHint: {x: 0, y: 0, z: 0}
--- !u!4 &4280271208672728
Transform:
  m_ObjectHideFlags: 1
  m_PrefabParentObject: {fileID: 0}
  m_PrefabInternal: {fileID: 100100000}
  m_GameObject: {fileID: 1129398013591698}
  m_LocalRotation: {x: 0.08849456, y: -0.0853004, z: 0.7995072, w: 0.58794624}
  m_LocalPosition: {x: -0.3176134, y: -0.07114466, z: -0.029983483}
  m_LocalScale: {x: 0.9999999, y: 0.9999999, z: 0.99999994}
  m_Children:
  - {fileID: 4435077607836228}
  m_Father: {fileID: 4476553518710856}
  m_RootOrder: 1
  m_LocalEulerAnglesHint: {x: 0, y: 0, z: 0}
--- !u!4 &4291649066404610
Transform:
  m_ObjectHideFlags: 1
  m_PrefabParentObject: {fileID: 0}
  m_PrefabInternal: {fileID: 100100000}
  m_GameObject: {fileID: 1143123357912498}
  m_LocalRotation: {x: 0.0048252963, y: -0.030794319, z: -0.0912886, w: 0.99533653}
  m_LocalPosition: {x: -0.049219526, y: -0.000000014901161, z: -0.000000014901161}
  m_LocalScale: {x: 1.0000002, y: 1, z: 0.9999999}
  m_Children:
  - {fileID: 4127682770737222}
  m_Father: {fileID: 4459295235607366}
  m_RootOrder: 0
  m_LocalEulerAnglesHint: {x: 0, y: 0, z: 0}
--- !u!4 &4293539167306166
Transform:
  m_ObjectHideFlags: 1
  m_PrefabParentObject: {fileID: 0}
  m_PrefabInternal: {fileID: 100100000}
  m_GameObject: {fileID: 1003607253254572}
  m_LocalRotation: {x: 0.012468517, y: -0.096952684, z: -0.10945831, w: 0.9891732}
  m_LocalPosition: {x: -0.05300574, y: 0.000000070780516, z: -0.000000037252903}
  m_LocalScale: {x: 1, y: 0.99999994, z: 1}
  m_Children:
  - {fileID: 4847767446785878}
  m_Father: {fileID: 4553169532106820}
  m_RootOrder: 0
  m_LocalEulerAnglesHint: {x: 0, y: 0, z: 0}
--- !u!4 &4308217272238746
Transform:
  m_ObjectHideFlags: 1
  m_PrefabParentObject: {fileID: 0}
  m_PrefabInternal: {fileID: 100100000}
  m_GameObject: {fileID: 1102426122165738}
  m_LocalRotation: {x: 0.0006678302, y: -0.0025492075, z: -0.000042870255, w: 0.99999654}
  m_LocalPosition: {x: -0.3871813, y: 0.000000027037458, z: -0.000000056112185}
  m_LocalScale: {x: 0.99999803, y: 1, z: 0.99999917}
  m_Children:
  - {fileID: 4025196062268066}
  m_Father: {fileID: 4560022847020382}
  m_RootOrder: 0
  m_LocalEulerAnglesHint: {x: 0, y: 0, z: 0}
--- !u!4 &4309631178986530
Transform:
  m_ObjectHideFlags: 1
  m_PrefabParentObject: {fileID: 0}
  m_PrefabInternal: {fileID: 100100000}
  m_GameObject: {fileID: 1924349479608106}
  m_LocalRotation: {x: -0.022197748, y: -0.059526052, z: 0.2716035, w: 0.9603101}
  m_LocalPosition: {x: -0.040895328, y: 0.000000022351742, z: 0.000000027939677}
  m_LocalScale: {x: 1.0000001, y: 1, z: 0.99999994}
  m_Children:
  - {fileID: 4325043516275886}
  m_Father: {fileID: 4238034664800048}
  m_RootOrder: 0
  m_LocalEulerAnglesHint: {x: 0, y: 0, z: 0}
--- !u!4 &4309738480006638
Transform:
  m_ObjectHideFlags: 1
  m_PrefabParentObject: {fileID: 0}
  m_PrefabInternal: {fileID: 100100000}
  m_GameObject: {fileID: 1173705972268874}
  m_LocalRotation: {x: -0.006809693, y: -0.017426478, z: 0.110677734, w: 0.99368024}
  m_LocalPosition: {x: -0.07930242, y: 0.020010553, z: -0.013660325}
  m_LocalScale: {x: 1, y: 0.9999999, z: 0.99999994}
  m_Children:
  - {fileID: 4575221756131086}
  m_Father: {fileID: 4835751269788700}
  m_RootOrder: 3
  m_LocalEulerAnglesHint: {x: 0, y: 0, z: 0}
--- !u!4 &4325043516275886
Transform:
  m_ObjectHideFlags: 1
  m_PrefabParentObject: {fileID: 0}
  m_PrefabInternal: {fileID: 100100000}
  m_GameObject: {fileID: 1042792141495958}
  m_LocalRotation: {x: 0.004712481, y: -0.061127074, z: 0.112362765, w: 0.99177414}
  m_LocalPosition: {x: -0.028175514, y: 0.000000018626451, z: 0.000000028871}
  m_LocalScale: {x: 0.9999999, y: 0.9999999, z: 0.99999994}
  m_Children: []
  m_Father: {fileID: 4309631178986530}
  m_RootOrder: 0
  m_LocalEulerAnglesHint: {x: 0, y: 0, z: 0}
--- !u!4 &4325431101989336
Transform:
  m_ObjectHideFlags: 1
  m_PrefabParentObject: {fileID: 0}
  m_PrefabInternal: {fileID: 100100000}
  m_GameObject: {fileID: 1921280177225676}
  m_LocalRotation: {x: -0.0056481636, y: 0.04627649, z: 0.060776193, w: 0.99706215}
  m_LocalPosition: {x: -0.08389799, y: 0.021218162, z: 0.026373485}
  m_LocalScale: {x: 1, y: 0.9999999, z: 0.99999994}
  m_Children:
  - {fileID: 4243270412683962}
  m_Father: {fileID: 4835751269788700}
  m_RootOrder: 0
  m_LocalEulerAnglesHint: {x: 0, y: 0, z: 0}
--- !u!4 &4331645622496936
Transform:
  m_ObjectHideFlags: 1
  m_PrefabParentObject: {fileID: 0}
  m_PrefabInternal: {fileID: 100100000}
  m_GameObject: {fileID: 1490565250757176}
  m_LocalRotation: {x: 0.022197785, y: -0.0595261, z: -0.2716034, w: 0.9603101}
  m_LocalPosition: {x: -0.040895365, y: 0.00000006891787, z: 0.000000014901161}
  m_LocalScale: {x: 1, y: 1, z: 0.99999994}
  m_Children:
  - {fileID: 4599326576820984}
  m_Father: {fileID: 4088389529260978}
  m_RootOrder: 0
  m_LocalEulerAnglesHint: {x: 0, y: 0, z: 0}
--- !u!4 &4365439158614930
Transform:
  m_ObjectHideFlags: 1
  m_PrefabParentObject: {fileID: 0}
  m_PrefabInternal: {fileID: 100100000}
  m_GameObject: {fileID: 1515204560770630}
  m_LocalRotation: {x: 0.028845934, y: 0.9647444, z: 0.011130394, w: 0.26136637}
  m_LocalPosition: {x: -0.2921452, y: 0.00000006787013, z: -0.000000010244548}
  m_LocalScale: {x: 0.99999976, y: 0.9999999, z: 0.99999934}
  m_Children: []
  m_Father: {fileID: 4535688505287132}
  m_RootOrder: 1
  m_LocalEulerAnglesHint: {x: 0, y: 0, z: 0}
--- !u!4 &4400197706361428
Transform:
  m_ObjectHideFlags: 1
  m_PrefabParentObject: {fileID: 0}
  m_PrefabInternal: {fileID: 100100000}
  m_GameObject: {fileID: 1178776849420180}
  m_LocalRotation: {x: -0.002636821, y: -0.0058503873, z: 0.16533382, w: 0.9862168}
  m_LocalPosition: {x: -0.03743889, y: 0.00000000372529, z: -0.000000001862645}
  m_LocalScale: {x: 1, y: 1, z: 1.0000001}
  m_Children: []
  m_Father: {fileID: 4575221756131086}
  m_RootOrder: 0
  m_LocalEulerAnglesHint: {x: 0, y: 0, z: 0}
--- !u!4 &4435077607836228
Transform:
  m_ObjectHideFlags: 1
  m_PrefabParentObject: {fileID: 0}
  m_PrefabInternal: {fileID: 100100000}
  m_GameObject: {fileID: 1404176556679904}
  m_LocalRotation: {x: 0.14156386, y: 0.022907225, z: 0.5140064, w: 0.84571415}
  m_LocalPosition: {x: -0.12242827, y: 0.00000010151416, z: 0.000000029802322}
  m_LocalScale: {x: 1, y: 1, z: 1}
  m_Children:
  - {fileID: 4672404781664710}
  - {fileID: 4262832600063158}
  - {fileID: 4873054405149580}
  - {fileID: 4506079336117546}
  m_Father: {fileID: 4280271208672728}
  m_RootOrder: 0
  m_LocalEulerAnglesHint: {x: 0, y: 0, z: 0}
--- !u!4 &4442888479034426
Transform:
  m_ObjectHideFlags: 1
  m_PrefabParentObject: {fileID: 0}
  m_PrefabInternal: {fileID: 100100000}
  m_GameObject: {fileID: 1980220908950138}
  m_LocalRotation: {x: 0.000000050367447, y: -0.18214095, z: 0.000000036857067, w: 0.98327243}
  m_LocalPosition: {x: -0.27224803, y: 0.000000020694642, z: -0.000000006283472}
  m_LocalScale: {x: 0.99999994, y: 0.99999994, z: 0.9999999}
  m_Children:
  - {fileID: 4271539684023408}
  m_Father: {fileID: 4476553518710856}
  m_RootOrder: 0
  m_LocalEulerAnglesHint: {x: 0, y: 0, z: 0}
--- !u!4 &4459295235607366
Transform:
  m_ObjectHideFlags: 1
  m_PrefabParentObject: {fileID: 0}
  m_PrefabInternal: {fileID: 100100000}
  m_GameObject: {fileID: 1908656541287020}
  m_LocalRotation: {x: 0.0064523825, y: -0.007208184, z: -0.0887977, w: 0.99600273}
  m_LocalPosition: {x: -0.08525625, y: -0.024778768, z: -0.01273337}
  m_LocalScale: {x: 1.0000001, y: 1.0000001, z: 1}
  m_Children:
  - {fileID: 4291649066404610}
  m_Father: {fileID: 4992837353939620}
  m_RootOrder: 3
  m_LocalEulerAnglesHint: {x: 0, y: 0, z: 0}
--- !u!4 &4470681327445396
Transform:
  m_ObjectHideFlags: 1
  m_PrefabParentObject: {fileID: 0}
  m_PrefabInternal: {fileID: 100100000}
  m_GameObject: {fileID: 1583805202382350}
  m_LocalRotation: {x: -0.35662454, y: -0.015683545, z: 0.934107, w: 0.0041377633}
  m_LocalPosition: {x: -0.04335716, y: -0.09403781, z: 0.051439397}
  m_LocalScale: {x: 0.9999905, y: 1.0000001, z: 1.0000222}
  m_Children:
  - {fileID: 4121077886728516}
  m_Father: {fileID: 4501339471812570}
  m_RootOrder: 1
  m_LocalEulerAnglesHint: {x: 0, y: 0, z: 0}
--- !u!4 &4476553518710856
Transform:
  m_ObjectHideFlags: 1
  m_PrefabParentObject: {fileID: 0}
  m_PrefabInternal: {fileID: 100100000}
  m_GameObject: {fileID: 1888980896415704}
  m_LocalRotation: {x: 0.028213974, y: 0.14331393, z: -0.0002312753, w: 0.98927504}
  m_LocalPosition: {x: -0.17717472, y: 0.000000013194949, z: 0.000000004327376}
  m_LocalScale: {x: 1, y: 1, z: 1}
  m_Children:
  - {fileID: 4442888479034426}
  - {fileID: 4280271208672728}
  - {fileID: 4117795024528498}
  m_Father: {fileID: 4853078375130708}
  m_RootOrder: 0
  m_LocalEulerAnglesHint: {x: 0, y: 0, z: 0}
--- !u!4 &4493054843304708
Transform:
  m_ObjectHideFlags: 1
  m_PrefabParentObject: {fileID: 0}
  m_PrefabInternal: {fileID: 100100000}
  m_GameObject: {fileID: 1788613790210842}
  m_LocalRotation: {x: 0, y: -0, z: -0, w: 1}
  m_LocalPosition: {x: -0, y: 0, z: 0}
  m_LocalScale: {x: 1, y: 1, z: 1}
  m_Children: []
  m_Father: {fileID: 4822954415595542}
  m_RootOrder: 2
  m_LocalEulerAnglesHint: {x: 0, y: 0, z: 0}
--- !u!4 &4501339471812570
Transform:
  m_ObjectHideFlags: 1
  m_PrefabParentObject: {fileID: 0}
  m_PrefabInternal: {fileID: 100100000}
  m_GameObject: {fileID: 1732565126926058}
  m_LocalRotation: {x: 0.52894056, y: 0.5369307, z: -0.4619374, w: 0.46748388}
  m_LocalPosition: {x: 0.0007299333, y: -0.0051362608, z: 0.8189184}
  m_LocalScale: {x: 0.99999994, y: 1, z: 1}
  m_Children:
  - {fileID: 4853078375130708}
  - {fileID: 4470681327445396}
  - {fileID: 4560022847020382}
  m_Father: {fileID: 4026496229827654}
  m_RootOrder: 2
  m_LocalEulerAnglesHint: {x: 0, y: 0, z: 0}
--- !u!4 &4506079336117546
Transform:
  m_ObjectHideFlags: 1
  m_PrefabParentObject: {fileID: 0}
  m_PrefabInternal: {fileID: 100100000}
  m_GameObject: {fileID: 1433572605111084}
  m_LocalRotation: {x: -0.03646776, y: 0.9798242, z: -0.039729055, w: 0.19244839}
  m_LocalPosition: {x: -0.30298254, y: -0.000000018015271, z: 0.000000044703484}
  m_LocalScale: {x: 1, y: 1.0000001, z: 1.0000013}
  m_Children: []
  m_Father: {fileID: 4435077607836228}
  m_RootOrder: 3
  m_LocalEulerAnglesHint: {x: 0, y: 0, z: 0}
--- !u!4 &4535688505287132
Transform:
  m_ObjectHideFlags: 1
  m_PrefabParentObject: {fileID: 0}
  m_PrefabInternal: {fileID: 100100000}
  m_GameObject: {fileID: 1843190271189068}
  m_LocalRotation: {x: 0.071912766, y: 0.26580673, z: -0.49884394, w: 0.8217847}
  m_LocalPosition: {x: -0.12242834, y: -0.00000017660204, z: 0.00000000372529}
  m_LocalScale: {x: 1.0000001, y: 1.0000001, z: 0.9999998}
  m_Children:
  - {fileID: 4047121525525184}
  - {fileID: 4365439158614930}
  - {fileID: 4840992059038302}
  - {fileID: 4559914639932570}
  m_Father: {fileID: 4117795024528498}
  m_RootOrder: 0
  m_LocalEulerAnglesHint: {x: 0, y: 0, z: 0}
--- !u!4 &4553169532106820
Transform:
  m_ObjectHideFlags: 1
  m_PrefabParentObject: {fileID: 0}
  m_PrefabInternal: {fileID: 100100000}
  m_GameObject: {fileID: 1400422071878948}
  m_LocalRotation: {x: 0.004390312, y: 0.056465607, z: -0.03880033, w: 0.9976407}
  m_LocalPosition: {x: -0.08898524, y: -0.026200432, z: 0.027383454}
  m_LocalScale: {x: 0.99999994, y: 1.0000001, z: 0.99999994}
  m_Children:
  - {fileID: 4293539167306166}
  m_Father: {fileID: 4992837353939620}
  m_RootOrder: 0
  m_LocalEulerAnglesHint: {x: 0, y: 0, z: 0}
--- !u!4 &4559914639932570
Transform:
  m_ObjectHideFlags: 1
  m_PrefabParentObject: {fileID: 0}
  m_PrefabInternal: {fileID: 100100000}
  m_GameObject: {fileID: 1570245340279668}
  m_LocalRotation: {x: 0.028845934, y: 0.9647444, z: 0.011130394, w: 0.26136637}
  m_LocalPosition: {x: -0.2921452, y: 0.00000006787013, z: -0.000000010244548}
  m_LocalScale: {x: 0.99999976, y: 0.9999999, z: 0.99999934}
  m_Children: []
  m_Father: {fileID: 4535688505287132}
  m_RootOrder: 3
  m_LocalEulerAnglesHint: {x: 0, y: 0, z: 0}
--- !u!4 &4560022847020382
Transform:
  m_ObjectHideFlags: 1
  m_PrefabParentObject: {fileID: 0}
  m_PrefabInternal: {fileID: 100100000}
  m_GameObject: {fileID: 1897475011613576}
  m_LocalRotation: {x: 0.17071003, y: -0.0040873797, z: 0.98530036, w: -0.004959806}
  m_LocalPosition: {x: -0.043357152, y: 0.09403782, z: 0.051439375}
  m_LocalScale: {x: 0.999999, y: 1, z: 1.0000231}
  m_Children:
  - {fileID: 4308217272238746}
  m_Father: {fileID: 4501339471812570}
  m_RootOrder: 2
  m_LocalEulerAnglesHint: {x: 0, y: 0, z: 0}
--- !u!4 &4575221756131086
Transform:
  m_ObjectHideFlags: 1
  m_PrefabParentObject: {fileID: 0}
  m_PrefabInternal: {fileID: 100100000}
  m_GameObject: {fileID: 1186671664430668}
  m_LocalRotation: {x: -0.0048253154, y: -0.030794304, z: 0.0912886, w: 0.99533653}
  m_LocalPosition: {x: -0.049219526, y: -0.000000038184226, z: -9.31323e-10}
  m_LocalScale: {x: 1, y: 0.9999999, z: 0.9999998}
  m_Children:
  - {fileID: 4400197706361428}
  m_Father: {fileID: 4309738480006638}
  m_RootOrder: 0
  m_LocalEulerAnglesHint: {x: 0, y: 0, z: 0}
--- !u!4 &4575667956575510
Transform:
  m_ObjectHideFlags: 1
  m_PrefabParentObject: {fileID: 0}
  m_PrefabInternal: {fileID: 100100000}
  m_GameObject: {fileID: 1263032692873226}
  m_LocalRotation: {x: 0.0033212733, y: 0.0055363653, z: -0.047762293, w: 0.9988379}
  m_LocalPosition: {x: -0.086108, y: -0.025286984, z: 0.008714564}
  m_LocalScale: {x: 0.99999994, y: 1.0000001, z: 1}
  m_Children:
  - {fileID: 4599053385563110}
  m_Father: {fileID: 4992837353939620}
  m_RootOrder: 1
  m_LocalEulerAnglesHint: {x: 0, y: 0, z: 0}
--- !u!4 &4589855250806388
Transform:
  m_ObjectHideFlags: 1
  m_PrefabParentObject: {fileID: 0}
  m_PrefabInternal: {fileID: 100100000}
  m_GameObject: {fileID: 1941185430374898}
  m_LocalRotation: {x: 0.02419564, y: 0.032742575, z: -0.19494297, w: 0.97996926}
  m_LocalPosition: {x: -0.08100729, y: 0.022099305, z: 0.046297662}
  m_LocalScale: {x: 1, y: 0.99999994, z: 1}
  m_Children:
  - {fileID: 4943061883563164}
  m_Father: {fileID: 4992837353939620}
  m_RootOrder: 4
  m_LocalEulerAnglesHint: {x: 0, y: 0, z: 0}
--- !u!4 &4594832291912016
Transform:
  m_ObjectHideFlags: 1
  m_PrefabParentObject: {fileID: 0}
  m_PrefabInternal: {fileID: 100100000}
  m_GameObject: {fileID: 1653288875748134}
  m_LocalRotation: {x: -0.026505629, y: 0.022242501, z: 0.2162743, w: 0.97571933}
  m_LocalPosition: {x: -0.06834483, y: -0.026377454, z: 0.046123378}
  m_LocalScale: {x: 0.9999998, y: 0.9999999, z: 0.99999994}
  m_Children:
  - {fileID: 4206272153152900}
  m_Father: {fileID: 4835751269788700}
  m_RootOrder: 4
  m_LocalEulerAnglesHint: {x: 0, y: 0, z: 0}
--- !u!4 &4599053385563110
Transform:
  m_ObjectHideFlags: 1
  m_PrefabParentObject: {fileID: 0}
  m_PrefabInternal: {fileID: 100100000}
  m_GameObject: {fileID: 1404171807860028}
  m_LocalRotation: {x: 0.0073233554, y: -0.049283106, z: -0.12298131, w: 0.9911575}
  m_LocalPosition: {x: -0.05610452, y: 0.000000022351742, z: -0.000000044703484}
  m_LocalScale: {x: 1, y: 1, z: 1}
  m_Children:
  - {fileID: 4057423891847352}
  m_Father: {fileID: 4575667956575510}
  m_RootOrder: 0
  m_LocalEulerAnglesHint: {x: 0, y: 0, z: 0}
--- !u!4 &4599326576820984
Transform:
  m_ObjectHideFlags: 1
  m_PrefabParentObject: {fileID: 0}
  m_PrefabInternal: {fileID: 100100000}
  m_GameObject: {fileID: 1818714977679850}
  m_LocalRotation: {x: -0.0047124894, y: -0.061127055, z: -0.11236278, w: 0.99177414}
  m_LocalPosition: {x: -0.028175509, y: 0, z: -0.000000029802322}
  m_LocalScale: {x: 0.99999994, y: 0.99999994, z: 0.99999994}
  m_Children: []
  m_Father: {fileID: 4331645622496936}
  m_RootOrder: 0
  m_LocalEulerAnglesHint: {x: 0, y: 0, z: 0}
--- !u!4 &4615228636002192
Transform:
  m_ObjectHideFlags: 1
  m_PrefabParentObject: {fileID: 0}
  m_PrefabInternal: {fileID: 100100000}
  m_GameObject: {fileID: 1333218127674386}
  m_LocalRotation: {x: 0, y: -0, z: -0, w: 1}
  m_LocalPosition: {x: -0, y: 0, z: 0}
  m_LocalScale: {x: 1, y: 1, z: 1}
  m_Children: []
  m_Father: {fileID: 4822954415595542}
  m_RootOrder: 3
  m_LocalEulerAnglesHint: {x: 0, y: 0, z: 0}
--- !u!4 &4624299813607884
Transform:
  m_ObjectHideFlags: 1
  m_PrefabParentObject: {fileID: 0}
  m_PrefabInternal: {fileID: 100100000}
  m_GameObject: {fileID: 1208106284779054}
  m_LocalRotation: {x: 0, y: 0, z: 0, w: 1}
  m_LocalPosition: {x: 249.57, y: 3, z: 346.034}
  m_LocalScale: {x: 1, y: 1, z: 1}
  m_Children:
  - {fileID: 4822954415595542}
  m_Father: {fileID: 0}
  m_RootOrder: 0
  m_LocalEulerAnglesHint: {x: 0, y: 0, z: 0}
--- !u!4 &4672404781664710
Transform:
  m_ObjectHideFlags: 1
  m_PrefabParentObject: {fileID: 0}
  m_PrefabInternal: {fileID: 100100000}
  m_GameObject: {fileID: 1215709641432566}
  m_LocalRotation: {x: -0.00021349528, y: 0.08132249, z: 0.013022177, w: 0.9966028}
  m_LocalPosition: {x: -0.30298254, y: -0.000000018015271, z: 0.000000044703484}
  m_LocalScale: {x: 1.0000001, y: 0.9999998, z: 0.9999999}
  m_Children:
  - {fileID: 4835751269788700}
  m_Father: {fileID: 4435077607836228}
  m_RootOrder: 0
  m_LocalEulerAnglesHint: {x: 0, y: 0, z: 0}
--- !u!4 &4820130094125640
Transform:
  m_ObjectHideFlags: 1
  m_PrefabParentObject: {fileID: 0}
  m_PrefabInternal: {fileID: 100100000}
  m_GameObject: {fileID: 1093442555681398}
  m_LocalRotation: {x: 0.99413836, y: 0.056446668, z: 0.09036672, w: -0.018347275}
  m_LocalPosition: {x: -0.06975254, y: 0.000000005427864, z: 0.000000003381501}
  m_LocalScale: {x: 1.0000004, y: 0.9999999, z: 0.9999999}
  m_Children:
  - {fileID: 4234041760033418}
  m_Father: {fileID: 4165972757320034}
  m_RootOrder: 0
  m_LocalEulerAnglesHint: {x: 0, y: 0, z: 0}
--- !u!4 &4822954415595542
Transform:
  m_ObjectHideFlags: 1
  m_PrefabParentObject: {fileID: 0}
  m_PrefabInternal: {fileID: 100100000}
  m_GameObject: {fileID: 1861188395539486}
  m_LocalRotation: {x: -0, y: 0.99998426, z: -0, w: 0.005622326}
  m_LocalPosition: {x: 0, y: -3, z: 0}
  m_LocalScale: {x: 4, y: 4, z: 4}
  m_Children:
  - {fileID: 4026496229827654}
  - {fileID: 4192692644912328}
  - {fileID: 4493054843304708}
  - {fileID: 4615228636002192}
  - {fileID: 4127511667964374}
  m_Father: {fileID: 4624299813607884}
  m_RootOrder: 0
  m_LocalEulerAnglesHint: {x: 0, y: 0, z: 0}
--- !u!4 &4829518412702738
Transform:
  m_ObjectHideFlags: 1
  m_PrefabParentObject: {fileID: 0}
  m_PrefabInternal: {fileID: 100100000}
  m_GameObject: {fileID: 1983192837948196}
  m_LocalRotation: {x: -0.06394334, y: 0.16257748, z: -0.046001412, w: 0.9835465}
  m_LocalPosition: {x: -0.0786964, y: 0.00000004307367, z: -0.000000004423782}
  m_LocalScale: {x: 1, y: 0.99999994, z: 1}
  m_Children:
  - {fileID: 4238008347491816}
  m_Father: {fileID: 4831754901776864}
  m_RootOrder: 0
  m_LocalEulerAnglesHint: {x: 0, y: 0, z: 0}
--- !u!4 &4831754901776864
Transform:
  m_ObjectHideFlags: 1
  m_PrefabParentObject: {fileID: 0}
  m_PrefabInternal: {fileID: 100100000}
  m_GameObject: {fileID: 1449547132009106}
  m_LocalRotation: {x: 0.0014340598, y: -0.06420513, z: 0.029923087, w: 0.997487}
  m_LocalPosition: {x: -0.08905991, y: 0.000000029802322, z: -0.000000001862645}
  m_LocalScale: {x: 0.99999994, y: 1, z: 1}
  m_Children:
  - {fileID: 4829518412702738}
  m_Father: {fileID: 4234041760033418}
  m_RootOrder: 0
  m_LocalEulerAnglesHint: {x: 0, y: 0, z: 0}
--- !u!4 &4835751269788700
Transform:
  m_ObjectHideFlags: 1
  m_PrefabParentObject: {fileID: 0}
  m_PrefabInternal: {fileID: 100100000}
  m_GameObject: {fileID: 1997884732643484}
  m_LocalRotation: {x: -0.012391609, y: 0.0065573547, z: 0.076587655, w: 0.9969643}
  m_LocalPosition: {x: -0.25639656, y: 0.000000057334546, z: 0.000000024680048}
  m_LocalScale: {x: 1, y: 1, z: 1}
  m_Children:
  - {fileID: 4325431101989336}
  - {fileID: 4067235404952098}
  - {fileID: 4238034664800048}
  - {fileID: 4309738480006638}
  - {fileID: 4594832291912016}
  m_Father: {fileID: 4672404781664710}
  m_RootOrder: 0
  m_LocalEulerAnglesHint: {x: 0, y: 0, z: 0}
--- !u!4 &4840992059038302
Transform:
  m_ObjectHideFlags: 1
  m_PrefabParentObject: {fileID: 0}
  m_PrefabInternal: {fileID: 100100000}
  m_GameObject: {fileID: 1371745527363186}
  m_LocalRotation: {x: 0.028845934, y: 0.9647444, z: 0.011130394, w: 0.26136637}
  m_LocalPosition: {x: -0.2921452, y: 0.00000006787013, z: -0.000000010244548}
  m_LocalScale: {x: 0.99999976, y: 0.9999999, z: 0.99999934}
  m_Children: []
  m_Father: {fileID: 4535688505287132}
  m_RootOrder: 2
  m_LocalEulerAnglesHint: {x: 0, y: 0, z: 0}
--- !u!4 &4847767446785878
Transform:
  m_ObjectHideFlags: 1
  m_PrefabParentObject: {fileID: 0}
  m_PrefabInternal: {fileID: 100100000}
  m_GameObject: {fileID: 1823962736698108}
  m_LocalRotation: {x: 0.0050706994, y: 0.01786417, z: -0.1500063, w: 0.98851067}
  m_LocalPosition: {x: -0.035200387, y: 0, z: -0.000000022351742}
  m_LocalScale: {x: 0.9999999, y: 0.9999999, z: 0.9999998}
  m_Children: []
  m_Father: {fileID: 4293539167306166}
  m_RootOrder: 0
  m_LocalEulerAnglesHint: {x: 0, y: 0, z: 0}
--- !u!4 &4853078375130708
Transform:
  m_ObjectHideFlags: 1
  m_PrefabParentObject: {fileID: 0}
  m_PrefabInternal: {fileID: 100100000}
  m_GameObject: {fileID: 1377134900473584}
  m_LocalRotation: {x: -0.000000069435536, y: -0.16999093, z: 0.000000019977698, w: 0.9854456}
  m_LocalPosition: {x: -0.25923494, y: 0.000000019383151, z: -0.000000005704351}
  m_LocalScale: {x: 0.99999994, y: 1, z: 1}
  m_Children:
  - {fileID: 4476553518710856}
  m_Father: {fileID: 4501339471812570}
  m_RootOrder: 0
  m_LocalEulerAnglesHint: {x: 0, y: 0, z: 0}
--- !u!4 &4873054405149580
Transform:
  m_ObjectHideFlags: 1
  m_PrefabParentObject: {fileID: 0}
  m_PrefabInternal: {fileID: 100100000}
  m_GameObject: {fileID: 1916135886069134}
  m_LocalRotation: {x: -0.03646776, y: 0.9798242, z: -0.039729055, w: 0.19244839}
  m_LocalPosition: {x: -0.30298254, y: -0.000000018015271, z: 0.000000044703484}
  m_LocalScale: {x: 1, y: 1.0000001, z: 1.0000013}
  m_Children: []
  m_Father: {fileID: 4435077607836228}
  m_RootOrder: 2
  m_LocalEulerAnglesHint: {x: 0, y: 0, z: 0}
--- !u!4 &4886927497935944
Transform:
  m_ObjectHideFlags: 1
  m_PrefabParentObject: {fileID: 0}
  m_PrefabInternal: {fileID: 100100000}
  m_GameObject: {fileID: 1490536110456412}
  m_LocalRotation: {x: -0.0051333643, y: 0.045789044, z: 0.09190331, w: 0.9947014}
  m_LocalPosition: {x: -0.029357068, y: 0.00000004656613, z: 0.000000004656613}
  m_LocalScale: {x: 1.0000001, y: 1, z: 1}
  m_Children: []
  m_Father: {fileID: 4970139625950014}
  m_RootOrder: 0
  m_LocalEulerAnglesHint: {x: 0, y: 0, z: 0}
--- !u!4 &4943061883563164
Transform:
  m_ObjectHideFlags: 1
  m_PrefabParentObject: {fileID: 0}
  m_PrefabInternal: {fileID: 100100000}
  m_GameObject: {fileID: 1689466383800654}
  m_LocalRotation: {x: -0.010674555, y: -0.11023241, z: 0.20293728, w: 0.97290874}
  m_LocalPosition: {x: -0.027187482, y: 0.000000022351742, z: -0.000000052154064}
  m_LocalScale: {x: 1, y: 0.99999994, z: 1}
  m_Children: []
  m_Father: {fileID: 4589855250806388}
  m_RootOrder: 0
  m_LocalEulerAnglesHint: {x: 0, y: 0, z: 0}
--- !u!4 &4953930378190066
Transform:
  m_ObjectHideFlags: 1
  m_PrefabParentObject: {fileID: 0}
  m_PrefabInternal: {fileID: 100100000}
  m_GameObject: {fileID: 1320713969718944}
  m_LocalRotation: {x: 0.0051802616, y: 0.418139, z: 0.00042861796, w: 0.90836823}
  m_LocalPosition: {x: -0.4369383, y: 0.000000028609065, z: -0.000000011990778}
  m_LocalScale: {x: 1.0000337, y: 0.9999999, z: 0.9999886}
  m_Children:
  - {fileID: 4213609799916044}
  m_Father: {fileID: 4121077886728516}
  m_RootOrder: 0
  m_LocalEulerAnglesHint: {x: 0, y: 0, z: 0}
--- !u!4 &4954972779040222
Transform:
  m_ObjectHideFlags: 1
  m_PrefabParentObject: {fileID: 0}
  m_PrefabInternal: {fileID: 100100000}
  m_GameObject: {fileID: 1909620945605642}
  m_LocalRotation: {x: 0.0018429307, y: 0.41604486, z: -0.004700967, w: 0.90933007}
  m_LocalPosition: {x: -0.14261377, y: 0.00000002104207, z: -2.32831e-10}
  m_LocalScale: {x: 1.0000001, y: 0.9999999, z: 0.99999994}
  m_Children: []
  m_Father: {fileID: 4025196062268066}
  m_RootOrder: 0
  m_LocalEulerAnglesHint: {x: 0, y: 0, z: 0}
--- !u!4 &4970139625950014
Transform:
  m_ObjectHideFlags: 1
  m_PrefabParentObject: {fileID: 0}
  m_PrefabInternal: {fileID: 100100000}
  m_GameObject: {fileID: 1424857845868860}
  m_LocalRotation: {x: -0.0073233326, y: -0.049283084, z: 0.12298131, w: 0.9911575}
  m_LocalPosition: {x: -0.056104463, y: 0.000000022351742, z: -0.000000015832484}
  m_LocalScale: {x: 0.9999999, y: 0.99999994, z: 0.9999999}
  m_Children:
  - {fileID: 4886927497935944}
  m_Father: {fileID: 4067235404952098}
  m_RootOrder: 0
  m_LocalEulerAnglesHint: {x: 0, y: 0, z: 0}
--- !u!4 &4992837353939620
Transform:
  m_ObjectHideFlags: 1
  m_PrefabParentObject: {fileID: 0}
  m_PrefabInternal: {fileID: 100100000}
  m_GameObject: {fileID: 1033905151783672}
  m_LocalRotation: {x: 0.011068484, y: -0.0028772901, z: -0.09842237, w: 0.99507904}
  m_LocalPosition: {x: -0.25796363, y: 0.000000029802322, z: 0.000000014901161}
  m_LocalScale: {x: 1.0000001, y: 0.99999994, z: 0.9999998}
  m_Children:
  - {fileID: 4553169532106820}
  - {fileID: 4575667956575510}
  - {fileID: 4088389529260978}
  - {fileID: 4459295235607366}
  - {fileID: 4589855250806388}
  m_Father: {fileID: 4047121525525184}
  m_RootOrder: 0
  m_LocalEulerAnglesHint: {x: 0, y: 0, z: 0}
--- !u!20 &20803625616665886
Camera:
  m_ObjectHideFlags: 1
  m_PrefabParentObject: {fileID: 0}
  m_PrefabInternal: {fileID: 100100000}
  m_GameObject: {fileID: 1519652877335394}
  m_Enabled: 1
  serializedVersion: 2
  m_ClearFlags: 1
  m_BackGroundColor: {r: 0.19215687, g: 0.3019608, b: 0.4745098, a: 0.019607844}
  m_NormalizedViewPortRect:
    serializedVersion: 2
    x: 0
    y: 0
    width: 1
    height: 1
  near clip plane: 0.3
  far clip plane: 1000
  field of view: 60
  orthographic: 0
  orthographic size: 5
  m_Depth: 0
  m_CullingMask:
    serializedVersion: 2
    m_Bits: 4294967295
  m_RenderingPath: -1
  m_TargetTexture: {fileID: 0}
  m_TargetDisplay: 0
  m_TargetEye: 3
  m_HDR: 0
  m_AllowMSAA: 1
  m_AllowDynamicResolution: 0
  m_ForceIntoRT: 0
  m_OcclusionCulling: 1
  m_StereoConvergence: 10
  m_StereoSeparation: 0.022
--- !u!33 &33403069501053792
MeshFilter:
  m_ObjectHideFlags: 1
  m_PrefabParentObject: {fileID: 0}
  m_PrefabInternal: {fileID: 100100000}
  m_GameObject: {fileID: 1208106284779054}
  m_Mesh: {fileID: 10208, guid: 0000000000000000e000000000000000, type: 0}
--- !u!54 &54953740876482360
Rigidbody:
  m_ObjectHideFlags: 1
  m_PrefabParentObject: {fileID: 0}
  m_PrefabInternal: {fileID: 100100000}
  m_GameObject: {fileID: 1208106284779054}
  serializedVersion: 2
  m_Mass: 1
  m_Drag: 0
  m_AngularDrag: 0.05
  m_UseGravity: 1
  m_IsKinematic: 0
  m_Interpolate: 0
  m_Constraints: 0
  m_CollisionDetection: 0
--- !u!81 &81004793572109586
AudioListener:
  m_ObjectHideFlags: 1
  m_PrefabParentObject: {fileID: 0}
  m_PrefabInternal: {fileID: 100100000}
  m_GameObject: {fileID: 1519652877335394}
  m_Enabled: 1
--- !u!95 &95596707456307962
Animator:
  serializedVersion: 3
  m_ObjectHideFlags: 1
  m_PrefabParentObject: {fileID: 0}
  m_PrefabInternal: {fileID: 100100000}
  m_GameObject: {fileID: 1208106284779054}
  m_Enabled: 0
  m_Avatar: {fileID: 0}
  m_Controller: {fileID: 9100000, guid: e2cf68ff4b1ffda45a77f7307dd789b9, type: 2}
  m_CullingMode: 0
  m_UpdateMode: 0
  m_ApplyRootMotion: 0
  m_LinearVelocityBlending: 0
  m_WarningMessage: 
  m_HasTransformHierarchy: 1
  m_AllowConstantClipSamplingOptimization: 1
--- !u!111 &111387545243808772
Animation:
  m_ObjectHideFlags: 1
  m_PrefabParentObject: {fileID: 0}
  m_PrefabInternal: {fileID: 100100000}
  m_GameObject: {fileID: 1861188395539486}
  m_Enabled: 1
  serializedVersion: 3
  m_Animation: {fileID: 7400000, guid: 2a48b1fa23d3db54493f41e0be5a0771, type: 2}
  m_Animations:
  - {fileID: 7400000, guid: 2a48b1fa23d3db54493f41e0be5a0771, type: 2}
  m_WrapMode: 2
  m_PlayAutomatically: 1
  m_AnimatePhysics: 0
  m_CullingType: 0
--- !u!114 &114115932705817806
MonoBehaviour:
  m_ObjectHideFlags: 1
  m_PrefabParentObject: {fileID: 0}
  m_PrefabInternal: {fileID: 100100000}
  m_GameObject: {fileID: 1208106284779054}
  m_Enabled: 0
  m_EditorHideFlags: 0
  m_Script: {fileID: 11500000, guid: 521b611700410be45810047f0a74e899, type: 3}
  m_Name: 
  m_EditorClassIdentifier: 
--- !u!114 &114139603487028268
MonoBehaviour:
  m_ObjectHideFlags: 1
  m_PrefabParentObject: {fileID: 0}
  m_PrefabInternal: {fileID: 100100000}
  m_GameObject: {fileID: 1519652877335394}
  m_Enabled: 1
  m_EditorHideFlags: 0
  m_Script: {fileID: 11500000, guid: 83c81407209f85e4c87c0cda8b32868e, type: 3}
  m_Name: 
  m_EditorClassIdentifier: 
  Camera: {fileID: 20803625616665886}
  motionBob:
    HorizontalBobRange: 0.1
    VerticalBobRange: 0.05
    Bobcurve:
      serializedVersion: 2
      m_Curve:
      - serializedVersion: 2
        time: 0
        value: 0
        inSlope: 0
        outSlope: 0
        tangentMode: 0
      - serializedVersion: 2
        time: 0.5
        value: 1
        inSlope: 0
        outSlope: 0
        tangentMode: 0
      - serializedVersion: 2
        time: 1
        value: 0
        inSlope: 0
        outSlope: 0
        tangentMode: 0
      - serializedVersion: 2
        time: 1.5
        value: -1
        inSlope: 0
        outSlope: 0
        tangentMode: 0
      - serializedVersion: 2
        time: 2
        value: 0
        inSlope: 0
        outSlope: 0
        tangentMode: 0
      m_PreInfinity: 2
      m_PostInfinity: 2
      m_RotationOrder: 4
    VerticaltoHorizontalRatio: 2
  jumpAndLandingBob:
    BobDuration: 0.15
    BobAmount: 0.2
  rigidbodyFirstPersonController: {fileID: 0}
  StrideInterval: 4
  RunningStrideLengthen: 0.722
--- !u!114 &114784200351680158
MonoBehaviour:
  m_ObjectHideFlags: 1
  m_PrefabParentObject: {fileID: 0}
  m_PrefabInternal: {fileID: 100100000}
  m_GameObject: {fileID: 1208106284779054}
  m_Enabled: 1
  m_EditorHideFlags: 0
  m_Script: {fileID: 11500000, guid: 81c9795a96c094f4cbde4d65546aa9b2, type: 3}
  m_Name: 
  m_EditorClassIdentifier: 
  cam: {fileID: 20803625616665886}
  movementSettings:
    ForwardSpeed: 8
    BackwardSpeed: 4
    StrafeSpeed: 4
    RunMultiplier: 2
    RunKey: 304
    JumpForce: 8
    SlopeCurveModifier:
      serializedVersion: 2
      m_Curve:
      - serializedVersion: 2
        time: -90
        value: 1
        inSlope: 0
        outSlope: 0
        tangentMode: 0
      - serializedVersion: 2
        time: 0
        value: 1
        inSlope: 0
        outSlope: 0
        tangentMode: 0
      - serializedVersion: 2
        time: 90
        value: 0
        inSlope: 0
        outSlope: 0
        tangentMode: 0
      m_PreInfinity: 2
      m_PostInfinity: 2
      m_RotationOrder: 4
    CurrentTargetSpeed: 8
  mouseLook:
    XSensitivity: 2
    YSensitivity: 2
    clampVerticalRotation: 1
    MinimumX: -90
    MaximumX: 90
    smooth: 0
    smoothTime: 5
    lockCursor: 1
  advancedSettings:
    groundCheckDistance: 0.01
    stickToGroundHelperDistance: 0.5
    slowDownRate: 20
    airControl: 0
    shellOffset: 0
--- !u!114 &114852851858562698
MonoBehaviour:
  m_ObjectHideFlags: 1
  m_PrefabParentObject: {fileID: 0}
  m_PrefabInternal: {fileID: 100100000}
  m_GameObject: {fileID: 1208106284779054}
  m_Enabled: 0
  m_EditorHideFlags: 0
  m_Script: {fileID: 11500000, guid: ce7a80d520cacc042b5fe14f373d8173, type: 3}
  m_Name: 
  m_EditorClassIdentifier: 
  m_MovingTurnSpeed: 360
  m_StationaryTurnSpeed: 180
  m_JumpPower: 12
  m_GravityMultiplier: 2
  m_RunCycleLegOffset: 0.2
  m_MoveSpeedMultiplier: 1
  m_AnimSpeedMultiplier: 1
  m_GroundCheckDistance: 0.1
--- !u!124 &124848490178669344
Behaviour:
  m_ObjectHideFlags: 1
  m_PrefabParentObject: {fileID: 0}
  m_PrefabInternal: {fileID: 100100000}
  m_GameObject: {fileID: 1519652877335394}
  m_Enabled: 1
--- !u!136 &136698452102480074
CapsuleCollider:
  m_ObjectHideFlags: 1
  m_PrefabParentObject: {fileID: 0}
  m_PrefabInternal: {fileID: 100100000}
  m_GameObject: {fileID: 1208106284779054}
  m_Material: {fileID: 0}
  m_IsTrigger: 0
  m_Enabled: 1
  m_Radius: 0.5
  m_Height: 1
  m_Direction: 1
  m_Center: {x: 0, y: 0, z: 0}
--- !u!137 &137034851666048676
SkinnedMeshRenderer:
  m_ObjectHideFlags: 1
  m_PrefabParentObject: {fileID: 0}
  m_PrefabInternal: {fileID: 100100000}
  m_GameObject: {fileID: 1788613790210842}
  m_Enabled: 1
  m_CastShadows: 1
  m_ReceiveShadows: 1
  m_DynamicOccludee: 1
  m_MotionVectors: 1
  m_LightProbeUsage: 1
  m_ReflectionProbeUsage: 1
  m_Materials:
  - {fileID: 2100004, guid: b48c558a520654d05b659a2cf9b12b47, type: 3}
  m_StaticBatchInfo:
    firstSubMesh: 0
    subMeshCount: 0
  m_StaticBatchRoot: {fileID: 0}
  m_ProbeAnchor: {fileID: 0}
  m_LightProbeVolumeOverride: {fileID: 0}
  m_ScaleInLightmap: 1
  m_PreserveUVs: 0
  m_IgnoreNormalsForChartDetection: 0
  m_ImportantGI: 0
  m_StitchLightmapSeams: 0
  m_SelectedEditorRenderState: 3
  m_MinimumChartSize: 4
  m_AutoUVMaxDistance: 0.5
  m_AutoUVMaxAngle: 89
  m_LightmapParameters: {fileID: 0}
  m_SortingLayerID: 0
  m_SortingLayer: 0
  m_SortingOrder: 0
  serializedVersion: 2
  m_Quality: 0
  m_UpdateWhenOffscreen: 0
  m_SkinnedMotionVectors: 1
  m_Mesh: {fileID: 4300002, guid: b48c558a520654d05b659a2cf9b12b47, type: 3}
  m_Bones:
  - {fileID: 4501339471812570}
  - {fileID: 4853078375130708}
  - {fileID: 4476553518710856}
  - {fileID: 4442888479034426}
  - {fileID: 4271539684023408}
  - {fileID: 4280271208672728}
  - {fileID: 4435077607836228}
  - {fileID: 4262832600063158}
  - {fileID: 4873054405149580}
  - {fileID: 4506079336117546}
  - {fileID: 4672404781664710}
  - {fileID: 4835751269788700}
  - {fileID: 4309738480006638}
  - {fileID: 4575221756131086}
  - {fileID: 4400197706361428}
  - {fileID: 4238034664800048}
  - {fileID: 4309631178986530}
  - {fileID: 4325043516275886}
  - {fileID: 4067235404952098}
  - {fileID: 4970139625950014}
  - {fileID: 4886927497935944}
  - {fileID: 4325431101989336}
  - {fileID: 4243270412683962}
  - {fileID: 4246411349723322}
  - {fileID: 4594832291912016}
  - {fileID: 4206272153152900}
  - {fileID: 4117795024528498}
  - {fileID: 4535688505287132}
  - {fileID: 4365439158614930}
  - {fileID: 4840992059038302}
  - {fileID: 4559914639932570}
  - {fileID: 4047121525525184}
  - {fileID: 4992837353939620}
  - {fileID: 4459295235607366}
  - {fileID: 4291649066404610}
  - {fileID: 4127682770737222}
  - {fileID: 4088389529260978}
  - {fileID: 4331645622496936}
  - {fileID: 4599326576820984}
  - {fileID: 4575667956575510}
  - {fileID: 4599053385563110}
  - {fileID: 4057423891847352}
  - {fileID: 4553169532106820}
  - {fileID: 4293539167306166}
  - {fileID: 4847767446785878}
  - {fileID: 4589855250806388}
  - {fileID: 4943061883563164}
  - {fileID: 4470681327445396}
  - {fileID: 4121077886728516}
  - {fileID: 4953930378190066}
  - {fileID: 4213609799916044}
  - {fileID: 4560022847020382}
  - {fileID: 4308217272238746}
  - {fileID: 4025196062268066}
  - {fileID: 4954972779040222}
  - {fileID: 4165972757320034}
  - {fileID: 4820130094125640}
  - {fileID: 4234041760033418}
  - {fileID: 4831754901776864}
  - {fileID: 4829518412702738}
  - {fileID: 4238008347491816}
  - {fileID: 4069665306533776}
  - {fileID: 4029500537738318}
  - {fileID: 4244144514440684}
  m_BlendShapeWeights: []
  m_RootBone: {fileID: 4501339471812570}
  m_AABB:
    m_Center: {x: -0.739406, y: -0.012985766, z: -0.0863989}
    m_Extent: {x: 0.47418046, y: 0.24621746, z: 0.38296017}
  m_DirtyAABB: 0
--- !u!137 &137572310898610934
SkinnedMeshRenderer:
  m_ObjectHideFlags: 1
  m_PrefabParentObject: {fileID: 0}
  m_PrefabInternal: {fileID: 100100000}
  m_GameObject: {fileID: 1333218127674386}
  m_Enabled: 1
  m_CastShadows: 1
  m_ReceiveShadows: 1
  m_DynamicOccludee: 1
  m_MotionVectors: 1
  m_LightProbeUsage: 1
  m_ReflectionProbeUsage: 1
  m_Materials:
  - {fileID: 2100000, guid: b48c558a520654d05b659a2cf9b12b47, type: 3}
  - {fileID: 2100002, guid: b48c558a520654d05b659a2cf9b12b47, type: 3}
  m_StaticBatchInfo:
    firstSubMesh: 0
    subMeshCount: 0
  m_StaticBatchRoot: {fileID: 0}
  m_ProbeAnchor: {fileID: 0}
  m_LightProbeVolumeOverride: {fileID: 0}
  m_ScaleInLightmap: 1
  m_PreserveUVs: 0
  m_IgnoreNormalsForChartDetection: 0
  m_ImportantGI: 0
  m_StitchLightmapSeams: 0
  m_SelectedEditorRenderState: 3
  m_MinimumChartSize: 4
  m_AutoUVMaxDistance: 0.5
  m_AutoUVMaxAngle: 89
  m_LightmapParameters: {fileID: 0}
  m_SortingLayerID: 0
  m_SortingLayer: 0
  m_SortingOrder: 0
  serializedVersion: 2
  m_Quality: 0
  m_UpdateWhenOffscreen: 0
  m_SkinnedMotionVectors: 1
  m_Mesh: {fileID: 4300000, guid: b48c558a520654d05b659a2cf9b12b47, type: 3}
  m_Bones:
  - {fileID: 4501339471812570}
  - {fileID: 4853078375130708}
  - {fileID: 4476553518710856}
  - {fileID: 4442888479034426}
  - {fileID: 4271539684023408}
  - {fileID: 4280271208672728}
  - {fileID: 4435077607836228}
  - {fileID: 4262832600063158}
  - {fileID: 4873054405149580}
  - {fileID: 4506079336117546}
  - {fileID: 4672404781664710}
  - {fileID: 4835751269788700}
  - {fileID: 4309738480006638}
  - {fileID: 4575221756131086}
  - {fileID: 4400197706361428}
  - {fileID: 4238034664800048}
  - {fileID: 4309631178986530}
  - {fileID: 4325043516275886}
  - {fileID: 4067235404952098}
  - {fileID: 4970139625950014}
  - {fileID: 4886927497935944}
  - {fileID: 4325431101989336}
  - {fileID: 4243270412683962}
  - {fileID: 4246411349723322}
  - {fileID: 4594832291912016}
  - {fileID: 4206272153152900}
  - {fileID: 4117795024528498}
  - {fileID: 4535688505287132}
  - {fileID: 4365439158614930}
  - {fileID: 4840992059038302}
  - {fileID: 4559914639932570}
  - {fileID: 4047121525525184}
  - {fileID: 4992837353939620}
  - {fileID: 4459295235607366}
  - {fileID: 4291649066404610}
  - {fileID: 4127682770737222}
  - {fileID: 4088389529260978}
  - {fileID: 4331645622496936}
  - {fileID: 4599326576820984}
  - {fileID: 4575667956575510}
  - {fileID: 4599053385563110}
  - {fileID: 4057423891847352}
  - {fileID: 4553169532106820}
  - {fileID: 4293539167306166}
  - {fileID: 4847767446785878}
  - {fileID: 4589855250806388}
  - {fileID: 4943061883563164}
  - {fileID: 4470681327445396}
  - {fileID: 4121077886728516}
  - {fileID: 4953930378190066}
  - {fileID: 4213609799916044}
  - {fileID: 4560022847020382}
  - {fileID: 4308217272238746}
  - {fileID: 4025196062268066}
  - {fileID: 4954972779040222}
  - {fileID: 4165972757320034}
  - {fileID: 4820130094125640}
  - {fileID: 4234041760033418}
  - {fileID: 4831754901776864}
  - {fileID: 4829518412702738}
  - {fileID: 4238008347491816}
  - {fileID: 4069665306533776}
  - {fileID: 4029500537738318}
  - {fileID: 4244144514440684}
  m_BlendShapeWeights: []
  m_RootBone: {fileID: 4501339471812570}
  m_AABB:
    m_Center: {x: -0.046898484, y: -0.0078706145, z: 0.1786058}
    m_Extent: {x: 1.0442215, y: 0.46238643, z: 0.5704057}
  m_DirtyAABB: 0
--- !u!137 &137876973341775240
SkinnedMeshRenderer:
  m_ObjectHideFlags: 1
  m_PrefabParentObject: {fileID: 0}
  m_PrefabInternal: {fileID: 100100000}
  m_GameObject: {fileID: 1973860854941954}
  m_Enabled: 1
  m_CastShadows: 1
  m_ReceiveShadows: 1
  m_DynamicOccludee: 1
  m_MotionVectors: 1
  m_LightProbeUsage: 1
  m_ReflectionProbeUsage: 1
  m_Materials:
  - {fileID: 2100006, guid: b48c558a520654d05b659a2cf9b12b47, type: 3}
  m_StaticBatchInfo:
    firstSubMesh: 0
    subMeshCount: 0
  m_StaticBatchRoot: {fileID: 0}
  m_ProbeAnchor: {fileID: 0}
  m_LightProbeVolumeOverride: {fileID: 0}
  m_ScaleInLightmap: 1
  m_PreserveUVs: 0
  m_IgnoreNormalsForChartDetection: 0
  m_ImportantGI: 0
  m_StitchLightmapSeams: 0
  m_SelectedEditorRenderState: 3
  m_MinimumChartSize: 4
  m_AutoUVMaxDistance: 0.5
  m_AutoUVMaxAngle: 89
  m_LightmapParameters: {fileID: 0}
  m_SortingLayerID: 0
  m_SortingLayer: 0
  m_SortingOrder: 0
  serializedVersion: 2
  m_Quality: 0
  m_UpdateWhenOffscreen: 0
  m_SkinnedMotionVectors: 1
  m_Mesh: {fileID: 4300004, guid: b48c558a520654d05b659a2cf9b12b47, type: 3}
  m_Bones:
  - {fileID: 4501339471812570}
  - {fileID: 4853078375130708}
  - {fileID: 4476553518710856}
  - {fileID: 4442888479034426}
  - {fileID: 4271539684023408}
  - {fileID: 4280271208672728}
  - {fileID: 4435077607836228}
  - {fileID: 4262832600063158}
  - {fileID: 4873054405149580}
  - {fileID: 4506079336117546}
  - {fileID: 4672404781664710}
  - {fileID: 4835751269788700}
  - {fileID: 4309738480006638}
  - {fileID: 4575221756131086}
  - {fileID: 4400197706361428}
  - {fileID: 4238034664800048}
  - {fileID: 4309631178986530}
  - {fileID: 4325043516275886}
  - {fileID: 4067235404952098}
  - {fileID: 4970139625950014}
  - {fileID: 4886927497935944}
  - {fileID: 4325431101989336}
  - {fileID: 4243270412683962}
  - {fileID: 4246411349723322}
  - {fileID: 4594832291912016}
  - {fileID: 4206272153152900}
  - {fileID: 4117795024528498}
  - {fileID: 4535688505287132}
  - {fileID: 4365439158614930}
  - {fileID: 4840992059038302}
  - {fileID: 4559914639932570}
  - {fileID: 4047121525525184}
  - {fileID: 4992837353939620}
  - {fileID: 4459295235607366}
  - {fileID: 4291649066404610}
  - {fileID: 4127682770737222}
  - {fileID: 4088389529260978}
  - {fileID: 4331645622496936}
  - {fileID: 4599326576820984}
  - {fileID: 4575667956575510}
  - {fileID: 4599053385563110}
  - {fileID: 4057423891847352}
  - {fileID: 4553169532106820}
  - {fileID: 4293539167306166}
  - {fileID: 4847767446785878}
  - {fileID: 4589855250806388}
  - {fileID: 4943061883563164}
  - {fileID: 4470681327445396}
  - {fileID: 4121077886728516}
  - {fileID: 4953930378190066}
  - {fileID: 4213609799916044}
  - {fileID: 4560022847020382}
  - {fileID: 4308217272238746}
  - {fileID: 4025196062268066}
  - {fileID: 4954972779040222}
  - {fileID: 4165972757320034}
  - {fileID: 4820130094125640}
  - {fileID: 4234041760033418}
  - {fileID: 4831754901776864}
  - {fileID: 4829518412702738}
  - {fileID: 4238008347491816}
  - {fileID: 4069665306533776}
  - {fileID: 4029500537738318}
  - {fileID: 4244144514440684}
  m_BlendShapeWeights: []
  m_RootBone: {fileID: 4501339471812570}
  m_AABB:
    m_Center: {x: 0.21538165, y: 0.009098709, z: 0.05358672}
    m_Extent: {x: 1.210762, y: 0.6951485, z: 1.0989729}
  m_DirtyAABB: 0
